@article{poveda-villalon_lot_2022,
	title = {{LOT: An industrial oriented ontology engineering framework}},
	volume = {111},
	issn = {0952-1976},
	doi = {10.1016/j.engappai.2022.104755},
	shorttitle = {{LOT}},
	pages = {104755},
	journal = {Engineering Applications of Artificial Intelligence},
	shortjournal = {Engineering Applications of Artificial Intelligence},
	author = {Poveda-Villalón, María and Fernández-Izquierdo, Alba and Fernández-López, Mariano and García-Castro, Raúl},
	urldate = {2023-06-13},
	year = {2022},
	langid = {english},
	keywords = {Collaborative ontology development, Ontology development methodology, Ontology development software support, Ontology engineering, Ontology industrial development},
}

@article{westin_legal_1967,
	title = {{Legal Safeguards to Insure Privacy in a Computer Society}},
	volume = {10},
	pages = {533--537},
	number = {9},
	journal = {Communications of the {ACM}},
	author = {Westin, Alan F.},
	year = {1967},
}

@misc{brickley_foaf_2004,
	title = {{FOAF Vocabulary Specification}},
	url = {http://xmlns.com/foaf/0.1/},
	author = {Brickley, Dan and Miller, Libby},
	urldate = {2023-11-16},
	year = {2004},
}

@article{webster_analyzing_2002,
	title = {{Analyzing the Past to Prepare for the Future: Writing a Literature Review}},
	volume = {26},
	issn = {0276-7783},
	url = {https://www.jstor.org/stable/4132319},
	shorttitle = {Analyzing the Past to Prepare for the Future},
	pages = {xiii--xxiii},
	number = {2},
	journal = {{MIS} Quarterly},
	author = {Webster, Jane and Watson, Richard T.},
	urldate = {2021-07-21},
	year = {2002},
	note = {Publisher: Management Information Systems Research Center, University of Minnesota},
}

@article{kitchenham_systematic_2013,
	title = {A systematic review of systematic review process research in software engineering},
	volume = {55},
	issn = {0950-5849},
	doi = {10.1016/j.infsof.2013.07.010},
	pages = {2049--2075},
	number = {12},
	journal = {Information and Software Technology},
	shortjournal = {Information and Software Technology},
	author = {Kitchenham, Barbara and Brereton, Pearl},
	urldate = {2021-07-21},
	year = {2013},
	langid = {english},
	keywords = {Mapping study, Systematic literature review, Systematic review, Systematic review methodology},
}

@article{snyder_literature_2019,
	title = {{Literature review as a research methodology: An overview and guidelines}},
	volume = {104},
	issn = {0148-2963},
	doi = {10.1016/j.jbusres.2019.07.039},
	shorttitle = {Literature review as a research methodology},
	pages = {333--339},
	journal = {Journal of Business Research},
	shortjournal = {Journal of Business Research},
	author = {Snyder, Hannah},
	urldate = {2021-07-21},
	year = {2019},
	langid = {english},
	keywords = {Systematic review, Integrative review, Literature review, Research methodology, Synthesis},
}

@article{whittemore_integrative_2005,
	title = {The integrative review: updated methodology},
	volume = {52},
	issn = {1365-2648},
	doi = {10.1111/j.1365-2648.2005.03621.x},
	shorttitle = {The integrative review},
	pages = {546--553},
	number = {5},
	journal = {Journal of Advanced Nursing},
	author = {Whittemore, Robin and Knafl, Kathleen},
	urldate = {2021-07-21},
	year = {2005},
	langid = {english},
	keywords = {evidence-based practice, integrative review, methodology, nursing},
}

@inproceedings{wohlin_guidelines_2014,
	title = {Guidelines for snowballing in systematic literature studies and a replication in software engineering},
	url = {http://urn.kb.se/resolve?urn=urn:nbn:se:bth-6463},
	booktitle = {International Conference on Evaluation and Assessment in Software Engineering ({EASE})},
	publisher = {{ACM}},
	author = {Wohlin, Claes},
	urldate = {2021-07-21},
	year = {2014},
}

@incollection{suarez-figueroa_neon_2012,
	location = {Berlin, Heidelberg},
	title = {{The NeOn Methodology for Ontology Engineering}},
	isbn = {978-3-642-24794-1},
	pages = {9--34},
	booktitle = {Ontology Engineering in a Networked World},
	publisher = {Springer Berlin Heidelberg},
	author = {Suárez-Figueroa, Mari Carmen and Gómez-Pérez, Asunción and Fernández-López, Mariano},
	editor = {Suárez-Figueroa, Mari Carmen and Gómez-Pérez, Asunción and Motta, Enrico and Gangemi, Aldo},
	year = {2012},
	doi = {10.1007/978-3-642-24794-1_2},
}

@inproceedings{chavez-feria_chowlk_2022,
	location = {Cham},
	title = {{Chowlk: from UML-Based Ontology Conceptualizations to OWL}},
	isbn = {978-3-031-06981-9},
	doi = {10.1007/978-3-031-06981-9_20},
	series = {Lecture Notes in Computer Science},
	shorttitle = {Chowlk},
	pages = {338--352},
	booktitle = {The Semantic Web: 19th International Conference, {ESWC} 2022},
	publisher = {Springer International Publishing},
	author = {Chávez-Feria, Serge and García-Castro, Raúl and Poveda-Villalón, María},
	editor = {Groth, Paul and Vidal, Maria-Esther and Suchanek, Fabian and Szekley, Pedro and Kapanipathi, Pavan and Pesquita, Catia and Skaf-Molli, Hala and Tamper, Minna},
	year = {2022},
	langid = {english},
	keywords = {Ontology conceptualization, Ontology engineering, {OWL}},
}

@article{poveda-villalon_oops_2014,
	title = {{OOPS! (OntOlogy Pitfall Scanner!): An On-line Tool for Ontology Evaluation}},
	volume = {10},
	rights = {Access limited to members},
	issn = {1552-6283},
	doi = {10.4018/ijswis.2014040102},
	shorttitle = {{OOPS}! ({OntOlogy} Pitfall Scanner!)},
	pages = {7--34},
	number = {2},
	journal = {International Journal on Semantic Web and Information Systems},
	shortjournal = {{IJSWIS}},
	author = {Poveda-Villalón, María and Gómez-Pérez, Asunción and Suárez-Figueroa, Mari Carmen},
	urldate = {2023-06-14},
	year = {2014},
	langid = {english},
}

@inproceedings{garijo_foops_2021,
	title = {{FOOPS!: An Ontology Pitfall Scanner for the FAIR principles}},
	volume = {2980},
	url = {http://ceur-ws.org/Vol-2980/paper321.pdf},
	booktitle = {International Semantic Web Conference ({ISWC}) 2021: Posters, Demos, and Industry Tracks},
	publisher = {{CEUR} Workshop Proceedings},
	author = {Garijo, Daniel and Corcho, Oscar and Poveda-Villalon, Marıa},
	year = {2021},
	langid = {english},
}

@article{cuenca_grau_access_2017,
	title = {{Access Control and the Resource Description Framework: A Survey}},
	volume = {8},
	issn = {1570-0844},
	doi = {10.3233/SW-160236},
	shorttitle = {Access control and the Resource Description Framework},
	pages = {311--352},
	number = {2},
	journal = {Semantic Web},
	shortjournal = {Semant. web},
	author = {Kirrane, Sabrina and Mileo, Alessandra and Decker, Stefan},
	editor = {Cuenca Grau, Bernardo},
	urldate = {2023-06-20},
	year = {2017},
	keywords = {Access control, Semantic Web, Linked Data, policies, Resource Description Framework},
}

@misc{manifest_2023,
	title = {{Web Application Manifest -- W3C Working Draft 15 November 2023}},
	url = {https://www.w3.org/TR/appmanifest/},
	type = {W3C Working Draft 15 November 2023},
	author = {Cáceres, Marcos and Christiansen, Kenneth Rohde and Giuca, Matt and Gustafson, Aaron and Murphy, Daniel and Kostiainen, Anssi and Lamouri, Mounir and Dolin, Rob},
	year = {2023}
}

@misc{gustafson_web_2023,
	title = {{Web App Manifest -- Application Information -- W3C Group Note 21 August 2023}},
	url = {https://www.w3.org/TR/manifest-app-info/},
	type = {W3C Group Note 21 August 2023},
	author = {Gustafson, Aaron},
	urldate = {2023-11-20},
	year = {2023},
}

@misc{loscio_data_2017,
	title = {{Data on the Web Best Practices -- W3C Recommendation 31 January 2017}},
	url = {https://www.w3.org/TR/dwbp/},
	type = {W3C Recommendation 31 January 2017},
	author = {Lóscio, Bernadette Farias and Burle, Caroline and Calegari, Newton},
	urldate = {2023-11-15},
	year = {2017},
}

@misc{albertoni_data_2020,
	title = {{Data Catalog Vocabulary ({DCAT}) Version 2 -- W3C Recommendation 04 February 2020}},
	url = {https://www.w3.org/TR/vocab-dcat-2/},
	type = {W3C Recommendation 04 February 2020},
	author = {Albertoni, Riccardo and Browning, David and Cox, Simon and Beltran, Alejandra Gonzalez and Perego, Andrea and Winstanley, Peter},
	year = {2020},
}

@misc{snell_activity_2017,
	title = {{Activity Streams 2.0 -- W3C Recommendation 23 May 2017}},
	url = {https://www.w3.org/TR/activitystreams-core/},
	type = {W3C Recommendation 23 May 2017},
	author = {Snell, James M. and Prodromou, Evan},
	urldate = {2023-11-15},
	year = {2017},
}

@misc{dcmi_usage_board_dcmi_2020,
	title = {{DCMI Metadata Terms}},
	url = {https://www.dublincore.org/specifications/dublin-core/dcmi-terms/},
	author = {{DCMI Usage Board}},
	urldate = {2023-02-06},
	year = {2020},
}

@misc{iannella_odrl_2018,
	title = {{ODRL Information Model 2.2 -- W3C Recommendation 15 February 2018}},
	url = {https://www.w3.org/TR/odrl-model/},
	titleaddon = {{ODRL} Information Model 2.2},
	type = {W3C Recommendation 15 February 2018},
	author = {Iannella, Renato and Villata, Serena},
	urldate = {2023-06-21},
	year = {2018},
}

@misc{iannella_odrl_vocab_2018,
	title = {{ODRL Vocabulary \& Expression 2.2 -- W3C Recommendation 15 February 2018}},
	url = {https://www.w3.org/TR/odrl-vocab/},
	author = {Iannella, R. and Steidl, M. and Myles, S. and Rodríguez-Doncel, V.},
	urldate = {2020-02-10},
	year = {2018},
}

@misc{smith_odrl_2023,
	title = {{ODRL Implementation Best Practices -- Draft Community Group Report 28 July 2023}},
	url = {https://w3c.github.io/odrl/bp/},
	author = {Smith, Benedict Whittam and Rodríguez-Doncel, Víctor and Esteves, Beatriz},
	urldate = {2023-10-01},
	year = {2023},
}

@misc{steidl_odrl_2023,
	title = {{ODRL Profile Best Practices -- Draft Community Group Report 28 July 2023}},
	url = {https://w3c.github.io/odrl/profile-bp/},
	author = {Steidl, Michael},
	urldate = {2023-10-01},
	year = {2023},
}

@misc{fornara_odrl_2023,
	title = {{ODRL Formal Semantics -- Draft Community Group Report 28 July 2023}},
	url = {https://w3c.github.io/odrl/formal-semantics/},
	author = {Fornara, Nicoletta and Rodríguez-Doncel, Víctor and Esteves, Beatriz},
	urldate = {2023-10-01},
	year = {2023},
}

@incollection{esteves_challenges_2021,
	location = {Cham},
	title = {{Challenges in the Digital Representation of Privacy Terms}},
	volume = {13048},
	isbn = {978-3-030-89811-3},
	url = {https://doi.org/10.1007/978-3-030-89811-3_22},
	series = {Lecture Notes in Computer Science},
	pages = {313--327},
	booktitle = {{AI} Approaches to the Complexity of Legal Systems {XI}-{XII}},
	publisher = {Springer International Publishing},
	author = {Esteves, Beatriz},
	editor = {Rodríguez-Doncel, Víctor and Palmirani, Monica and Araszkiewicz, Michał and Casanovas, Pompeu and Pagallo, Ugo and Sartor, Giovanni},
	year = {2021},
	langid = {english},
	keywords = {Data protection, {GDPR}, Intelligent agents, Personal data, Policy languages, Privacy, Semantic web},
}

@article{noauthor_regulation_2016,
	title = {{Regulation ({EU}) 2016/679 of the European Parliament and of the Council of 27 April 2016 on the protection of natural persons with regard to the processing of personal data and on the free movement of such data, and repealing Directive 95/46/{EC} (General Data Protection Regulation)}},
	url = {http://data.europa.eu/eli/reg/2016/679/oj},
	journal = {Official Journal of the European Union L 119},
    pages = {1--88},
	year = {2016},
	langid = {english},
    shorthand = {alias},
}

@article{noauthor_eidas2_2021,
	title = {{Proposal for a Regulation of the European Parliament and of the Council amending Regulation (EU) No 910/2014 as regards establishing a framework for a European Digital Identity}},
	url = {https://eur-lex.europa.eu/legal-content/EN/TXT/?uri=CELEX\%3A52021PC0281},
	journal = {COM/2021/281 final},
	year = {2021},
}

@article{noauthor_regulation_2014,
	title = {{Regulation (EU) No 910/2014 of the European Parliament and of the Council of 23 July 2014 on electronic identification and trust services for electronic transactions in the internal market and repealing Directive 1999/93/{EC}}},
	url = {http://data.europa.eu/eli/reg/2014/910/oj/eng},
	journal = {Official Journal of the European Union L 257},
    pages = {73–-114},
	year = {2014},
	langid = {english},
    shorthand = {alias},
}

@book{european_union_agency_for_fundamental_rights_and_council_of_europe_handbook_2018,
	location = {Luxembourg},
	title = {Handbook on European data protection law},
	isbn = {978-92-871-9849-5 978-92-9491-903-8 978-92-9491-901-4},
	pagetotal = {397},
	publisher = {Publications Office of the European Union},
	author = {{European Union Agency for Fundamental Rights and Council of Europe}},
	year = {2018},
	langid = {english},
	doi = {10.2811/58814},
}

@misc{united_nations_general_assembly_universal_1948,
	title = {{Universal Declaration of Human Rights}},
	url = {https://www.un.org/en/about-us/universal-declaration-of-human-rights},
	author = {{United Nations General Assembly}},
	year = {1948},
}

@misc{council_of_europe_european_1950,
	title = {{European Convention on Human Rights}},
	url = {https://www.echr.coe.int/Documents/Convention_ENG.pdf},
	author = {{Council of Europe}},
	year = {1950},
	langid = {english},
	file = {European Convention on Human Rights.pdf:C\:\\Users\\beatr\\Zotero\\storage\\Y3TLYEUT\\European Convention on Human Rights.pdf:application/pdf},
}

@misc{council_of_europe_convention_1981,
	title = {Convention 108+: Convention for the protection of individuals with regard to the processing of personal data},
	url = {https://www.coe.int/en/web/data-protection/convention108-and-protocol},
	author = {{Council of Europe}},
	year = {1981},
}

@article{noauthor_charter_2000,
	title = {{Charter of Fundamental Rights of the European Union}},
	url = {https://www.europarl.europa.eu/charter/pdf/text_en.pdf},
	journal = {Official Journal of the European Communities},
	year = {2000},
}

@article{noauthor_directive_1995,
	title = {{Directive 95/46/{EC} of the European Parliament and of the Council of 24 October 1995 on the protection of individuals with regard to the processing of personal data and on the free movement of such data}},
	url = {https://eur-lex.europa.eu/legal-content/EN/TXT/HTML/?uri=CELEX:31995L0046&from=en},
	journal = {Official Journal of the European Union L 281},
	year = {1995},
}

@article{noauthor_directive_2016,
	title = {{Directive ({EU}) 2016/680 of the European Parliament and of the Council of 27 April 2016 on the protection of natural persons with regard to the processing of personal data by competent authorities for the purposes of the prevention, investigation, detection or prosecution of criminal offences or the execution of criminal penalties, and on the free movement of such data, and repealing Council Framework Decision 2008/977/{JHA}}},
    journal = {Official Journal of the European Union L 119},
	url = {http://data.europa.eu/eli/dir/2016/680/oj/eng},
	urldate = {2023-06-26},
	year = {2016},
	langid = {english},
}

@book{westin_privacy_1967,
	title = {Privacy and Freedom},
	isbn = {978-1-935439-97-4},
	pagetotal = {500},
	author = {Westin, Alan F.},
	year = {1967},
	langid = {english},
	keywords = {Law / Computer \& Internet, Law / Privacy, Law / Science \& Technology},
}

@techreport{kumaraguru_privacy_2005,
	title = {{Privacy Indexes: A Survey of Westin’s Studies}},
	author = {Kumaraguru, Ponnurangam and Cranor, Lorrie Faith},
	year = {2005},
	langid = {english},
	file = {Kumaraguru and Cranor - Privacy Indexes A Survey of Westin’s Studies.pdf:C\:\\Users\\beatr\\Zotero\\storage\\IXNR3IJS\\Kumaraguru and Cranor - Privacy Indexes A Survey of Westin’s Studies.pdf:application/pdf},
}

@techreport{westin_equifax-harris_1996,
	title = {{Equifax-Harris Consumer Privacy Survey}},
	author = {Westin, Alan F. and Harris Louis \& Associates},
	year = {1996},
	note = {Conducted for Equifax Inc. 1,005 adults of the U.S. public},
}

@techreport{taylor_most_2003,
	title = {{Most People Are ``Privacy Pragmatists'' Who, While Concerned about Privacy, Will Sometimes Trade It Off for Other Benefits}},
	author = {Taylor, Humphrey},
	year = {2003},
	note = {Conducted among 1,010 respondents},
}

@article{european_commission_communication_2020,
	title = {{Communication from the Commission to the European Parliament, the Council, the European Economic and Social Committee and the Committee of the Regions -- A European strategy for data}},
	url = {https://eur-lex.europa.eu/legal-content/EN/TXT/?uri=CELEX\%3A52020DC0066},
	journal = {{COM}(2020) 66 final},
	author = {{European Commission}},
	urldate = {2022-07-12},
	year = {2020},
}

@article{berners-lee_semantic_2001,
	title = {{The Semantic Web}},
	url = {http://web.archive.org/web/20070713230811/http://www.sciam.com/print_version.cfm?articleID=00048144-10D2-1C70-84A9809EC588EF21},
	journal = {Scientific American},
	author = {Berners-Lee, Tim and Hendler, James and Lassila, Ora},
	year = {2001},
}

@misc{noauthor_semantic_2012,
	title = {{Semantic Web Case Studies and Use Cases}},
	url = {https://www.w3.org/2001/sw/sweo/public/UseCases/},
	year = {2012},
}

@book{bradford_brussels_2019,
	title = {The Brussels Effect: How the European Union Rules the World},
	isbn = {978-0-19-008858-3},
	publisher = {Oxford University Press},
	author = {Bradford, Anu},
	urldate = {2023-06-02},
	year = {2019},
	doi = {10.1093/oso/9780190088583.003.0002},
	file = {Snapshot:C\:\\Users\\beatr\\Zotero\\storage\\KNCAYLZB\\36491.html:text/html},
}

@misc{verborgh_paradigm_2017,
	title = {{Paradigm shifts for the decentralized Web}},
	url = {https://ruben.verborgh.org/blog/2017/12/20/paradigm-shifts-for-the-decentralized-web/},
	author = {Verborgh, Ruben},
	urldate = {2023-06-07},
	year = {2017},
}

@article{noauthor_break_2008,
	title = {Break down these walls},
	issn = {0013-0613},
	url = {https://www.economist.com/leaders/2008/03/19/break-down-these-walls},
	journal = {The Economist},
	urldate = {2023-07-06},
	year = {2008},
}

@incollection{verborgh_re-decentralizing_2022,
	title = {{Re-decentralizing the Web, for good this time}},
	url = {https://ruben.verborgh.org/articles/redecentralizing-the-web/},
	booktitle = {Linking the World's Information: A Collection of Essays on the Work of Sir Tim Berners-Lee},
	publisher = {{ACM}},
	author = {Verborgh, Ruben},
	editor = {Seneviratne, Oshani and Hendler, James},
	year = {2022},
}

@misc{akaichi_semantic_2022,
	title = {{Semantic Technology based Usage Control for Decentralized Systems}},
	url = {http://arxiv.org/abs/2206.04947},
	doi = {10.48550/arXiv.2206.04947},
	number = {{arXiv}:2206.04947},
	publisher = {{arXiv}},
	author = {Akaichi, Ines},
	urldate = {2023-06-07},
	year = {2022},
	eprinttype = {arxiv},
	eprint = {2206.04947 [cs, eess]},
}

@techreport{european_data_protection_supervisor_techdispatch_2021,
	title = {{TechDispatch \#3/2020 - Personal Information Management Systems}},
	url = {https://edps.europa.eu/data-protection/our-work/publications/techdispatch/techdispatch-32020-personal-information_en},
	author = {{European Data Protection Supervisor}},
	urldate = {2022-04-11},
	year = {2021},
}

@article{janssen_personal_2020,
	title = {{Personal information management systems: a user-centric privacy utopia?}},
	volume = {9},
	issn = {2197-6775},
	url = {https://policyreview.info/articles/analysis/personal-information-management-systems-user-centric-privacy-utopia},
	shorttitle = {Personal information management systems},
	number = {4},
	journal = {Internet Policy Review},
	author = {Janssen, Heleen and Cobbe, Jennifer and Singh, Jatinder},
	urldate = {2022-09-20},
	year = {2020},
}

@inproceedings{mansour_demonstration_2016,
	location = {Republic and Canton of Geneva, {CHE}},
	title = {{A Demonstration of the Solid Platform for Social Web Applications}},
	isbn = {978-1-4503-4144-8},
	doi = {10.1145/2872518.2890529},
	series = {{WWW} '16 Companion},
	pages = {223--226},
	booktitle = {Proceedings of the 25th International Conference Companion on World Wide Web},
	publisher = {International World Wide Web Conferences Steering Committee},
	author = {Mansour, Essam and Sambra, Andrei Vlad and Hawke, Sandro and Zereba, Maged and Capadisli, Sarven and Ghanem, Abdurrahman and Aboulnaga, Ashraf and Berners-Lee, Tim},
	urldate = {2023-07-05},
	year = {2016},
	keywords = {decentralization, linked data platform (ldp), social web, sparql, webid},
}

@inproceedings{esteves_extracting_2022,
	location = {Cham},
	title = {{Extracting and Understanding Call-to-actions of Push-Notifications}},
	volume = {13286},
	isbn = {978-3-031-08473-7},
	doi = {10.1007/978-3-031-08473-7_14},
	series = {Lecture Notes in Computer Science},
	pages = {147--159},
	booktitle = {Natural Language Processing and Information Systems},
	publisher = {Springer International Publishing},
	author = {Esteves, Beatriz and Fraser, Kieran and Kulkarni, Shridhar and Conlan, Owen and Rodríguez-Doncel, Víctor},
	editor = {Rosso, Paolo and Basile, Valerio and Martínez, Raquel and Métais, Elisabeth and Meziane, Farid},
	year = {2022},
}

@inproceedings{esteves_now_2022,
	location = {Cham},
	title = {{Now, Later, Never: A Study of Urgency in Mobile Push-Notifications}},
	isbn = {978-3-031-20436-4},
	doi = {10.1007/978-3-031-20436-4_4},
	series = {Lecture Notes in Computer Science},
	shorttitle = {Now, Later, Never},
	pages = {38--44},
	booktitle = {Advances in Mobile Computing and Multimedia Intelligence},
	publisher = {Springer Nature Switzerland},
	author = {Esteves, Beatriz and Fraser, Kieran and Kulkarni, Shridhar and Conlan, Owen and Rodríguez-Doncel, Víctor},
	editor = {Delir Haghighi, Pari and Khalil, Ismail and Kotsis, Gabriele},
	year = {2022},
}

@inproceedings{esteves_using_2022,
	location = {Cham},
	title = {{Using the ODRL Profile for Access Control for Solid Pod Resource Governance}},
	isbn = {978-3-031-11609-4},
	doi = {10.1007/978-3-031-11609-4_3},
	series = {Lecture Notes in Computer Science},
	pages = {16--20},
	booktitle = {The Semantic Web: {ESWC} 2022 Satellite Events},
	publisher = {Springer International Publishing},
	author = {Esteves, Beatriz and Rodríguez-Doncel, Víctor and Pandit, Harshvardhan J. and Mondada, Nicolas and {McBennett}, Pat},
	editor = {Groth, Paul and Rula, Anisa and Schneider, Jodi and Tiddi, Ilaria and Simperl, Elena and Alexopoulos, Panos and Hoekstra, Rinke and Alam, Mehwish and Dimou, Anastasia and Tamper, Minna},
	year = {2022}
}

@article{rumbold_what_2018,
	title = {{What Are Data? A Categorization of the Data Sensitivity Spectrum}},
	volume = {12},
	issn = {2214-5796},
	doi = {10.1016/j.bdr.2017.11.001},
	series = {Big Data Centric Computational Intelligence in Bioinformatics and Healthcare},
	shorttitle = {What Are Data?},
	pages = {49--59},
	journal = {Big Data Research},
	shortjournal = {Big Data Research},
	author = {Rumbold, John M. M. and Pierscionek, Barbara K.},
	urldate = {2023-06-21},
	year = {2018},
	langid = {english},
	keywords = {Big Data, Data science, Information ethics},
}

@article{esteves_analysis_2022,
	title = {{Analysis of Ontologies and Policy Languages to Represent Information Flows in GDPR}},
	journal = {Semantic Web},
	author = {Esteves, Beatriz and Rodríguez-Doncel, Víctor},
	year = {2022},
}

@inproceedings{casellas_ontological_2010,
	location = {Stanford, California, {USA}},
	title = {{Ontological Semantics for Data Privacy Compliance: The NEURONA Project}},
	url = {https://ddd.uab.cat/pub/artpub/2010/137891/aaaisprsymser_a2010n1iENG.pdf},
	series = {Intelligent Information Privacy Management},
	pages = {34--38},
	booktitle = {2010 {AAAI} Spring Symposium},
	publisher = {{AAAI}},
	author = {Casellas, Núria and Nieto, Juan-Emilio and Meroño, Albert and Roig, Antoni and Torralba, Sergi and Reyes, Mario and Casanovas, Pompeu},
	year = {2010},
	langid = {english},
}

@article{noauthor_real_2008,
	title = {{Real Decreto 1720/2007, de 21 de diciembre, por el que se aprueba el Reglamento de desarrollo de la Ley Orgánica 15/1999, de 13 de diciembre, de protección de datos de carácter personal}},
	url = {https://www.boe.es/eli/es/rd/2007/12/21/1720/con},
	year = {2008},
    journal = {Boletín Oficial del Estado 17}
}

@inproceedings{bartolini_reconciling_2015,
	title = {{Reconciling Data Protection Rights and Obligations: An Ontology of the Forthcoming EU Regulation}},
	booktitle = {Workshop on Language and Semantic Technology for Legal Domain},
	author = {Bartolini, Cesare and Muthuri, Robert},
	year = {2015},
	langid = {english}
}

@inproceedings{otake_using_2017,
	location = {Cham},
	title = {{Using Ontologies to Model Data Protection Requirements in Workflows}},
	volume = {10091},
	isbn = {978-3-319-50952-5 978-3-319-50953-2},
	series = {Lecture Notes in Computer Science},
	eventtitle = {{JSAI}-{isAI} 2015},
	pages = {233--248},
	booktitle = {New Frontiers in Artificial Intelligence},
	publisher = {Springer International Publishing},
	author = {Bartolini, Cesare and Muthuri, Robert and Santos, Cristiana},
	editor = {Otake, Mihoko and Kurahashi, Setsuya and Ota, Yuiko and Satoh, Ken and Bekki, Daisuke},
	urldate = {2020-06-25},
	year = {2017},
	langid = {english},
	doi = {10.1007/978-3-319-50953-2_17},
}

@inproceedings{hoekstra_lkif_2007,
	title = {{The LKIF Core Ontology of Basic Legal Concepts}},
	pages = {43--63},
	booktitle = {Proceedings of the Workshop on Legal Ontologies and Artificial Intelligence Techniques ({LOAIT} 2007)},
	author = {Hoekstra, Rinke and Breuker, Joost and Di Bello, Marcello and Boer, Alexander},
	editor = {Casanovas, Pompeu and Biasiotti, Maria Angela and Francesconi, Enrico and Sagri, Maria Teresa},
	year = {2007},
	langid = {english}
}

@misc{lebo_prov-o_2013,
	title = {{PROV-O: The PROV Ontology -- W3C Recommendation 30 April 2013}},
	url = {https://www.w3.org/TR/prov-o/},
	author = {Lebo, Timothy and Sahoo, Satya and {McGuinness}, Deborah},
	editor = {Belhajjame, Khalid and Cheney, James and Corsar, David and Garijo, Daniel and Soiland-Reyes, Stian and Zednik, Stephan and Zhao, Jun},
	year = {2013}
}

@misc{apollaro_controlled_2022,
	title = {{Controlled Vocabularies for Repositories: Access Rights 1.1}},
	url = {http://purl.org/coar/access_right/},
	author = {Apollaro, Alberto and Aubin, Sophie and Azorín, Cristina and Azrilevich, Paola and Bernal, Isabel and Liu, Dan and Fripp, Dom and Gürdal, Gültekin and Habre, Sawsan and Hakala, Juha and Hayashi, Yutaka and Holt, Ilkay and Hua, Nie and Jones, Hilary and Kataoka, Tomoko and Borgne, Laurence Le and Liping, Ku (Alan) and Losada, Marina and Mornati, Susanna and Nonó, Brigit and Ojsteršek, Milan and Príncipe, Pedro and Schirrwagen, Jochen and Sevkusic, Milica and Shiota, Tomoya and Solodovnik, Iryna and Steinhoff, Wilko and Vedovotto, Nathalie},
	urldate = {2023-11-30},
	year = {2022},
}

@misc{publications_office_of_the_european_union_named_2023,
	title = {{Named Authority List: Access rights}},
	url = {http://publications.europa.eu/resource/dataset/access-right},
	author = {{Publications Office of the European Union}},
	urldate = {2023-11-30},
	year = {2023},
}

@inproceedings{garijo_augmenting_2012,
	title = {{Augmenting PROV with Plans in P-PLAN: Scientific Processes as Linked Data}},
	booktitle = {{CEUR} Workshop Proceedings},
	author = {Garijo, Daniel and Gil, Yolanda},
	year = {2012},
	langid = {english}
}

@inproceedings{pandit_modelling_2017,
	title = {{Modelling Provenance for GDPR Compliance using Linked Open Data Vocabularies}},
	volume = {1951},
	url = {http://ceur-ws.org/Vol-1951/PrivOn2017\_paper\_6.pdf},
	booktitle = {Society, Privacy and the Semantic Web -- Policy and Technology ({PrivOn} 2017), co-located with {ISWC} 2017},
	author = {Pandit, Harshvardhan J. and Lewis, Dave},
	year = {2017},
	langid = {english}
}

@article{dumontier_linked_2017,
	title = {{Linked Open Vocabularies ({LOV}): A gateway to reusable semantic vocabularies on the Web}},
	volume = {8},
	issn = {1570-0844},
	doi = {10.3233/SW-160213},
	shorttitle = {Linked Open Vocabularies ({LOV})},
	pages = {437--452},
	number = {3},
	journal = {Semantic Web},
	shortjournal = {Semant. web},
	author = {Vandenbussche, Pierre-Yves and Atemezing, Ghislain A. and Poveda-Villalón, María and Vatant, Bernard},
	editor = {Dumontier, Michel},
	urldate = {2023-12-12},
	year = {2017},
	keywords = {Linked Data, Linked Open Vocabularies, {LOV}, ontology search, vocabulary catalogue},
}

@inproceedings{elluri_knowledge_2018,
	location = {San Francisco, {CA}, {USA}},
	title = {{A Knowledge Representation of Cloud Data Controls for EU GDPR Compliance}},
	isbn = {978-1-5386-7374-4},
	doi = {10.1109/SERVICES.2018.00036},
	eventtitle = {2018 {IEEE} World Congress on Services ({SERVICES})},
	pages = {45--46},
	booktitle = {2018 {IEEE} World Congress on Services ({SERVICES})},
	publisher = {{IEEE}},
	author = {Elluri, Lavanya and Joshi, Karuna Pande},
	urldate = {2020-06-25},
	year = {2018}
}

@misc{cloud_security_alliance_-_privacy_level_agreement_working_group_code_2017,
	title = {{Code of Conduct for GDPR Compliance}},
	url = {https://downloads.cloudsecurityalliance.org/assets/research/gdpr/CSA\_Code\_of\_Conduct\_for\_GDPR\_Compliance.pdf},
	author = {{Privacy Level Agreement Working Group}},
	year = {2017}
}

@inproceedings{elluri_integrated_2018,
	location = {Seattle, {WA}, {USA}},
	title = {{An Integrated Knowledge Graph to Automate GDPR and PCI DSS Compliance}},
	isbn = {978-1-5386-5035-6},
	doi = {10.1109/BigData.2018.8622236},
	eventtitle = {2018 {IEEE} International Conference on Big Data (Big Data)},
	pages = {1266--1271},
	booktitle = {2018 {IEEE} International Conference on Big Data (Big Data)},
	publisher = {{IEEE}},
	author = {Elluri, Lavanya and Nagar, Ankur and Joshi, Karuna Pande},
	urldate = {2020-06-25},
	year = {2018},
	langid = {english}
}

@misc{pci_security_standards_council_payment_2018,
	title = {{Payment Card Industry ({PCI}) Data Security Standard -- Version 3.2.1}},
	url = {https://www.pcisecuritystandards.org/document\_library},
	author = {{PCI Security Standards Council}},
	year = {2018}
}

@inproceedings{ko_pronto_2018,
	location = {Cham},
	title = {{PrOnto: Privacy Ontology for Legal Reasoning}},
	volume = {11032},
	isbn = {978-3-319-98348-6 978-3-319-98349-3},
	series = {Lecture Notes in Computer Science},
	shorttitle = {{PrOnto}},
	pages = {139--152},
	booktitle = {Electronic Government and the Information Systems Perspective ({EGOVIS} 2018)},
	publisher = {Springer International Publishing},
	author = {Palmirani, Monica and Martoni, Michele and Rossi, Arianna and Bartolini, Cesare and Robaldo, Livio},
	editor = {Kő, Andrea and Francesconi, Enrico},
	urldate = {2020-06-26},
	year = {2018},
	langid = {english},
	doi = {10.1007/978-3-319-98349-3_11},
}

@techreport{byrum_functional_2009,
	title = {{Functional Requirements for Bibliographic Records}},
	url = {https://www.ifla.org/publications/functional-requirements-for-bibliographic-records},
	author = {Byrum, John and Jouguelet, Suzanne and {McGarry}, Dorothy and Williamson, Nancy and Witt, Maria and Delsey, Tom and Dulabahn, Elizabeth and Svenonius, Elaine and Tillett, Barbara},
	year = {2009},
	langid = {english}
}

@incollection{palmirani_akoma-ntoso_2011,
	location = {Dordrecht},
	title = {{Akoma-Ntoso for Legal Documents}},
	isbn = {978-94-007-1887-6},
	series = {Law, Governance and Technology Series},
	pages = {75--100},
	booktitle = {Legislative {XML} for the Semantic Web: Principles, Models, Standards for Document Management},
	publisher = {Springer Netherlands},
	author = {Palmirani, Monica and Vitali, Fabio},
	editor = {Sartor, Giovanni and Palmirani, Monica and Francesconi, Enrico and Biasiotti, Maria Angela},
	urldate = {2023-07-16},
	year = {2011},
	langid = {english},
	doi = {10.1007/978-94-007-1887-6_6},
}

@inproceedings{barabucci_managing_2010,
	location = {Montréal, Canada},
	title = {{Managing semantics in XML vocabularies: an experience in the legal and legislative domain}},
	volume = {5},
	isbn = {978-1-935958-01-7},
	doi = {10.4242/BalisageVol5.Barabucci01},
	shorttitle = {Managing semantics in {XML} vocabularies},
	booktitle = {Balisage: The Markup Conference 2010},
	author = {Barabucci, Gioele and Cervone, Luca and Di Iorio, Angelo and Palmirani, Monica and Peroni, Silvio and Vitali, Fabio},
	urldate = {2020-06-25},
	year = {2010},
	langid = {english}
}

@incollection{peroni_semantic_2014,
	title = {{The Semantic Publishing and Referencing Ontologies}},
	volume = {15},
	isbn = {978-3-319-04776-8},
	series = {Law, Governance and Technology Series},
	pages = {121--193},
	booktitle = {Semantic Web Technologies and Legal Scholarly Publishing},
	publisher = {Springer, Cham},
	author = {Peroni, Silvio},
	year = {2014}
}

@article{gangemi_publishing_2017,
	title = {{The Publishing Workflow Ontology (PWO)}},
	volume = {8},
	issn = {1570-0844},
	doi = {10.3233/SW-160230},
	pages = {703--718},
	number = {5},
	journal = {Semantic Web},
	author = {Gangemi, Aldo and Peroni, Silvio and Shotton, David and Vitali, Fabio},
	urldate = {2023-07-16},
	year = {2017},
	langid = {english},
	note = {Publisher: {IOS} Press},
	file = {Full Text:C\:\\Users\\beatr\\Zotero\\storage\\UIQIWM6D\\Gangemi et al. - 2017 - The Publishing Workflow Ontology (PWO).pdf:application/pdf},
}

@inproceedings{hitzler_gconsent_2019,
	location = {Cham},
	title = {{GConsent -- A Consent Ontology Based on the GDPR}},
	volume = {11503},
	isbn = {978-3-030-21347-3 978-3-030-21348-0},
	series = {Lecture Notes in Computer Science},
	eventtitle = {{ESWC} 2019},
	pages = {270--282},
	booktitle = {The Semantic Web},
	publisher = {Springer International Publishing},
	author = {Pandit, Harshvardhan J. and Debruyne, Christophe and O’Sullivan, Declan and Lewis, Dave},
	editor = {Hitzler, Pascal and Fernández, Miriam and Janowicz, Krzysztof and Zaveri, Amrapali and Gray, Alasdair J.G. and Lopez, Vanessa and Haller, Armin and Hammar, Karl},
	urldate = {2020-06-26},
	year = {2019},
	langid = {english},
	doi = {10.1007/978-3-030-21348-0_18},
}

@misc{european_data_protection_board_guidelines_2020,
	title = {{Guidelines 05/2020 on consent under Regulation 2016/679 Version 1.1}},
	url = {https://edpb.europa.eu/sites/edpb/files/files/file1/edpb_guidelines_202005_consent_en.pdf},
	author = {{European Data Protection Board}},
	year = {2020},
}

@inproceedings{gangemi_gdprtext_2018,
	location = {Cham},
	title = {{GDPRtEXT -- GDPR as a Linked Data Resource}},
	volume = {10843},
	isbn = {978-3-319-93416-7 978-3-319-93417-4},
	series = {Lecture Notes in Computer Science},
	eventtitle = {{ESWC} 2018},
	pages = {481--495},
	booktitle = {The Semantic Web},
	publisher = {Springer International Publishing},
	author = {Pandit, Harshvardhan J. and Fatema, Kaniz and O’Sullivan, Declan and Lewis, Dave},
	editor = {Gangemi, Aldo and Navigli, Roberto and Vidal, Maria-Esther and Hitzler, Pascal and Troncy, Raphaël and Hollink, Laura and Tordai, Anna and Alam, Mehwish},
	urldate = {2020-06-26},
	year = {2018},
	langid = {english},
	doi = {10.1007/978-3-319-93417-4_31},
}

@inproceedings{papagiannakopoulou_leveraging_2014,
	title = {{Leveraging Ontologies upon a Holistic Privacy-Aware Access Control Model}},
	volume = {8352},
	url = {https://www.researchgate.net/publication/260706010_Leveraging_Ontologies_upon_a_Holistic_Privacy-Aware_Access_Control_Model},
	series = {Lecture Notes in Computer Science},
	pages = {209--226},
	booktitle = {Foundations and Practice of Security. {FPS} 2013},
	publisher = {Springer, Cham},
	author = {Papagiannakopoulou, Eugenia I. and Koukovini, Maria N. and Lioudakis, Georgios and Dellas, Nikolaos and Garcia-Alfaro, Joaquin and Kaklamani, Dimitra I. and Venieris, Iakovos S. and Cuppens-Boulahia, Nora and Cuppens, Frédéric},
	editor = {Danger, J. and Debbabi, M. and Marion, {JY}. and Garcia-Alfaro, J. and Zincir Heywood, N.},
	year = {2014},
}

@techreport{lioudakis_compliance_2019,
	title = {{Compliance Ontology -- Deliverable D3.1}},
	url = {https://www.bpr4gdpr.eu/wp-content/uploads/2019/06/D3.1-Compliance-Ontology-1.0.pdf},
	type = {Project deliverable},
	author = {Lioudakis, Georgios and Cascone, Davide},
	year = {2019},
	langid = {english}
}

@misc{office_of_publications_on_eur-lex_eu_2017,
	title = {{EU Vocabularies -- European Legislation Identifier (ELI)}},
	url = {https://op.europa.eu/en/web/eu-vocabularies/eli},
	author = {{Office of Publications on Eur-Lex}},
	year = {2017}
}

@inproceedings{bonatti_data_2018,
	location = {Aachen},
	title = {{Data Privacy Vocabularies and Controls: Semantic Web for Transparency and Privacy}},
	booktitle = {Semantic Web for Social Good ({SWSG}2018) @ {ISWC}2018},
	publisher = {{CEUR} Workshop Proceedings},
	author = {Bonatti, Piero A and Bos, Bert and Decker, Stefan and Fernandez, Javier D and Kirrane, Sabrina and Peristeras, Vassilios and Polleres, Axel and Wenning, Rigo},
	year = {2018},
	langid = {english}
}

@techreport{bonatti_policy_2018,
	title = {{Policy Language V2 -- Deliverable D2.5}},
	url = {https://www.specialprivacy.eu/images/documents/SPECIAL\_D25\_M21\_V10.pdf},
	type = {Project deliverable},
	author = {Bonatti, P.A. and Kirrane, S. and Petrova, I. and Sauro, L. and Schlehahn, E.},
	year = {2018}
}

@inproceedings{panetto_creating_2019,
	location = {Cham},
	title = {{Creating a Vocabulary for Data Privacy: The First-Year Report of Data Privacy Vocabularies and Controls Community Group ({DPVCG})}},
	volume = {11877},
    series = {Lecture Notes in Computer Science},
	isbn = {978-3-030-33245-7 978-3-030-33246-4},
	shorttitle = {Creating a Vocabulary for Data Privacy},
	pages = {714--730},
	booktitle = {On the Move to Meaningful Internet Systems: {OTM} 2019 Conferences},
	publisher = {Springer International Publishing},
	author = {Pandit, Harshvardhan J. and Polleres, Axel and Bos, Bert and Brennan, Rob and Bruegger, Bud and Ekaputra, Fajar J. and Fernández, Javier D. and Hamed, Roghaiyeh Gachpaz and Kiesling, Elmar and Lizar, Mark and Schlehahn, Eva and Steyskal, Simon and Wenning, Rigo},
	editor = {Panetto, Hervé and Debruyne, Christophe and Hepp, Martin and Lewis, Dave and Ardagna, Claudio Agostino and Meersman, Robert},
	urldate = {2020-06-26},
	year = {2019},
	langid = {english},
	doi = {10.1007/978-3-030-33246-4_44},
}

@misc{cronk_categories_2017,
	title = {Categories of personal information},
	url = {https://enterprivacy.com/2017/03/01/categories-of-personal-information/},
	author = {Cronk, R. Jason},
	urldate = {2003-07-20},
	year = {2017},
}

@misc{cranor_platform_2002,
	title = {{The Platform for Privacy Preferences 1.0 (P3P1.0) Specification -- W3C Recommendation 16 April 2002 obsoleted 30 August 2018}},
	url = {https://www.w3.org/TR/P3P/},
	author = {Cranor, Lorrie and Langheinrich, Marc and Marchiori, Massimo and Presler-Marshall, Martin and Reagle, Joseph},
	urldate = {2020-02-18},
	year = {2002},
}

@misc{cranor_p3p_2002,
	title = {{A P3P Preference Exchange Language 1.0 ({APPEL}1.0)}},
	url = {https://www.w3.org/TR/2002/WD-P3P-preferences-20020415/},
	author = {Cranor, Lorrie and Langheinrich, Marc and Marchiori, Massimo},
	year = {2002}
}

@techreport{bohrer_customer_2000,
	title = {{Customer Profile Exchange ({CPExchange}) Specification}},
	type = {Technical Specification},
	author = {Bohrer, Kathy and Holland, Bobby},
	year = {2000},
	langid = {english}
}

@misc{ashley_enterprise_2003,
	title = {{Enterprise Privacy Authorization Language ({EPAL} 1.2)}},
	url = {https://www.w3.org/Submission/2003/SUBM-EPAL-20031110/},
	author = {Ashley, Paul and Hada, Satoshi and Karjoth, Günter and Powers, Calvin and Schunter, Matthias},
	year = {2003}
}

@inproceedings{ashley_e-p3p_2002,
	location = {Washington, {DC}},
	title = {{E-P3P privacy policies and privacy authorization}},
	isbn = {978-1-58113-633-3},
	doi = {10.1145/644527.644538},
	eventtitle = {Proceeding of the {ACM} workshop},
	pages = {103--109},
	booktitle = {Proceeding of the {ACM} workshop on Privacy in the Electronic Society  - {WPES} '02},
	publisher = {{ACM} Press},
	author = {Ashley, Paul and Hada, Satoshi and Karjoth, Günter and Schunter, Matthias},
	urldate = {2020-06-25},
	year = {2002},
	langid = {english}
}

@article{li_semantics-base_2006,
	title = {A semantics-base approach to privacy languages},
	volume = {21},
	journal = {Computer Systems: Science \& Engineering - {CSSE}},
	shortjournal = {Computer Systems: Science \& Engineering - {CSSE}},
	author = {Li, Ninghui and Yu, Ting and Antón, Annie},
	year = {2006}
}

@incollection{kebede_critical_2020,
	title = {A critical reﬂection on {ODRL}},
	booktitle = {To appear in {AICOL} 2021 Volume},
	author = {Kebede, Milen G and Sileno, Giovanni and Engers, Tom Van},
	year = {2020},
	langid = {english}
}

@article{fornara_using_2019,
	title = {{Using Semantic Web technologies and production rules for reasoning on obligations, permissions, and prohibitions}},
	volume = {32},
	issn = {0921-7126},
	doi = {10.3233/AIC-190617},
	pages = {319--334},
	number = {4},
	journal = {{AI} Communications},
	author = {Fornara, Nicoletta and Colombetti, Marco},
	urldate = {2021-07-21},
	year = {2019},
	langid = {english}
}

@inproceedings{fornara_operational_2018,
	location = {Cham},
	title = {{Operational Semantics of an Extension of {ODRL} Able to Express Obligations}},
	isbn = {978-3-030-01713-2},
	doi = {10.1007/978-3-030-01713-2_13},
	series = {Lecture Notes in Computer Science},
	pages = {172--186},
	booktitle = {Multi-Agent Systems and Agreement Technologies},
	publisher = {Springer International Publishing},
	author = {Fornara, Nicoletta and Colombetti, Marco},
	editor = {Belardinelli, Francesco and Argente, Estefanía},
	year = {2018},
	langid = {english}
}

@article{agrawal_xpref_2005,
	title = {{XPref: a preference language for P3P}},
	volume = {48},
	issn = {13891286},
	doi = {10.1016/j.comnet.2005.01.004},
	shorttitle = {{XPref}},
	pages = {809--827},
	number = {5},
	journal = {Computer Networks},
	shortjournal = {Computer Networks},
	author = {Agrawal, Rakesh and Kiernan, Jerry and Srikant, Ramakrishnan and Xu, Yirong},
	urldate = {2020-06-25},
	year = {2005-08},
	langid = {english}
}

@misc{clark_xml_1999,
	title = {{XML Path Language ({XPath}) Version 1.0}},
	url = {https://www.w3.org/TR/1999/REC-xpath-19991116/},
	author = {Clark, James and {DeRose}, Steve},
	year = {1999}
}

@misc{berglund_xml_2010,
	title = {{XML Path Language ({XPath}) 2.0 (Second Edition)}},
	url = {https://www.w3.org/TR/xpath20/},
	author = {Berglund, Anders and Boag, Scott and Chamberlin, Don and Fernández, Mary F. and Kay, Michael and Robie, Jonathan and Siméon, Jérôme},
	year = {2010}
}

@incollection{hitzler_analyzing_2010,
	location = {Berlin, Heidelberg},
	title = {{Analyzing the AIR Language: A Semantic Web (Production) Rule Language}},
	volume = {6333},
	isbn = {978-3-642-15917-6 978-3-642-15918-3},
	series = {Lecture Notes in Computer Science},
	shorttitle = {Analyzing the {AIR} Language},
	pages = {58--72},
	booktitle = {Web Reasoning and Rule Systems},
	publisher = {Springer Berlin Heidelberg},
	author = {Khandelwal, Ankesh and Bao, Jie and Kagal, Lalana and Jacobi, Ian and Ding, Li and Hendler, James},
	editor = {Hitzler, Pascal and Lukasiewicz, Thomas},
	urldate = {2020-06-25},
	year = {2010},
	langid = {english},
	doi = {10.1007/978-3-642-15918-3_6},
}

@inproceedings{berners-lee_n3logic_2008,
	title = {{N3Logic: A logical framework for the World Wide Web}},
	volume = {8},
	doi = {10.1017/S1471068407003213},
	shorttitle = {N3Logic},
	pages = {249--269},
	booktitle = {Theory and Practice of Logic Programming},
	author = {Berners-Lee, Tim and Connolly, Dan and Kagal, Lalana and Scharf, Yosi and Hendler, Jim},
	urldate = {2020-06-25},
	year = {2008},
	langid = {english}
}

@techreport{becker_framework_2009,
	title = {{A Framework for Privacy Preferences and Data-Handling Policies}},
	url = {https://www.microsoft.com/en-us/research/wp-content/uploads/2009/09/A-Framework-for-Privacy-Preferences-and-Data-Handling-Policies-2009-09-28.pdf},
	institution = {Microsoft Research},
	type = {Technical Report},
	author = {Becker, Moritz Y and Malkis, Alexander and Bussard, Laurent},
	year = {2009},
	langid = {english}
}

@techreport{becker_s4p_2010,
	title = {{S4P: A Generic Language for Specifying Privacy Preferences and Policies}},
	url = {https://www.microsoft.com/en-us/research/wp-content/uploads/2010/04/main-1.pdf},
	pages = {1--35},
	institution = {Microsoft Research},
	type = {Technical Report},
	author = {Becker, Moritz Y. and Malkis, Alexander and Bussard, Laurent},
	year = {2010}
}

@inproceedings{becker_design_2007,
	location = {Venice, Italy},
	title = {{Design and Semantics of a Decentralized Authorization Language}},
	isbn = {978-0-7695-2819-9},
	doi = {10.1109/CSF.2007.18},
	eventtitle = {20th {IEEE} Computer Security Foundations Symposium ({CSF}'07)},
	pages = {3--15},
	booktitle = {20th {IEEE} Computer Security Foundations Symposium ({CSF}'07)},
	publisher = {{IEEE}},
	author = {Becker, Moritz and Fournet, Cedric and Gordon, Andrew},
	urldate = {2020-06-25},
	year = {2007},
	langid = {english},
	note = {{ISSN}: 1063-6900}
}

@techreport{berthold_privacy_2013,
	title = {{The Privacy Option Language - Specification \& Implementation}},
	url = {http://kau.diva-portal.org/smash/get/diva2:623452/FULLTEXT01.pdf},
	institution = {Faculty of Health, Science and Technology, Karlstad University},
	type = {Research Report},
	author = {Berthold, Stefan},
	year = {2013},
	langid = {english}
}

@inproceedings{berthold_towards_2011,
	title = {{Towards a Formal Language for Privacy Options}},
	volume = {352},
	url = {https://link.springer.com/chapter/10.1007/978-3-642-20769-3_3},
	series = {{IFIP} Advances in Information and Communication Technology},
	pages = {27--40},
	booktitle = {Privacy and Identity 2010: Privacy and Identity Management for Life},
	publisher = {Springer, Berlin, Heidelberg},
	author = {Berthold, Stefan},
	editor = {Fischer-Hübner, S. and Duquenoy, P. and Hansen, M. and Leenes, R. and Zhang, G.},
	year = {2011}
}

@inproceedings{sacco_privacy_2011,
	location = {Hyderabad, India},
	title = {{A Privacy Preference Ontology ({PPO}) for Linked Data}},
	url = {http://ceur-ws.org/Vol-813/ldow2011-paper01.pdf},
	eventtitle = {Linked Data on the Web Workshop at 20th International World Wide Web Conference},
	author = {Sacco, Owen and Passant, Alexandre},
	year = {2011}
}

@inproceedings{sacco_privacy_2011b,
	title = {{A Privacy Preference Manager for the Social Semantic Web}},
	isbn = {16130073},
	pages = {42--53},
	booktitle = {Proceedings of the 2nd Workshop on Semantic Personalized Information Management: Retrieval and Recommendation, {SPIM}2011},
	author = {Sacco, Owen and Passant, Alexandre},
	year = {2011}
}

@misc{palmirani_legalruleml_2021,
	title = {{LegalRuleML Core Specification Version 1.0 -- OASIS Standard}},
	url = {https://docs.oasis-open.org/legalruleml/legalruleml-core-spec/v1.0/os/legalruleml-core-spec-v1.0-os.html},
	author = {Palmirani, Monica and Governatori, Guido and Athan, Tara and Boley, Harold and Paschke, Adrian and Wyner, Adam},
	year = {2021}
}

@misc{boley_specification_2017,
	title = {{Specification of RuleML 1.02}},
	url = {http://wiki.ruleml.org/index.php/Specification_of_RuleML_1.02},
	author = {Boley, Harold and Paschke, Adrian and Athan, Tara and Giurca, Adrian and Bassiliades, Nick and Governatori, Guido and Palmirani, Monica and Wyner, Adam and Kozlenkov, Alexander and Zou, Gen},
	year = {2017}
}

@inproceedings{palmirani_modelling_2018,
	title = {{Modelling Legal Knowledge for GDPR Compliance Checking}},
	volume = {313},
	doi = {10.3233/978-1-61499-935-5-101},
	pages = {101--110},
	booktitle = {Legal Knowledge and Information Systems},
	author = {Palmirani, Monica and Governatori, Guido},
	urldate = {2021-12-21},
	year = {2018},
	note = {Publisher: {IOS} Press}
}

@techreport{azraoui_appl_2014,
	title = {{A-PPL: An Accountability Policy Language}},
	url = {http://www.eurecom.fr/en/publication/4372/download/rs-publi-4372.pdf},
	shorttitle = {A-{PPL}},
	type = {Research Report},
	author = {Azraoui, Monir and Elkhiyaoui, Kaoutar and Önen, Melek and Bernsmed, Karin and De Oliveira, Anderson Santana and Sendor, Jakub},
	urldate = {2020-06-25},
	year = {2014},
	langid = {english}
}

@techreport{ardagna_primelife_2009,
	title = {{PrimeLife Policy Language}},
	author = {Ardagna, Claudio A and Bussard, Laurent and Vimercati, Sabrina De Capitani di and Neven, Gregory and Paraboschi, Stefano and Pedrini, Eros and Preiss, Franz-Stefan and Raggett, Dave and Samarati, Pierangela and Trabelsi, Slim and Verdicchio, Mario},
	year = {2009},
	langid = {english}
}

@misc{parducci_extensible_2013,
	title = {{eXtensible Access Control Markup Language ({XACML}) Version 3.0 -- {OASIS} Standard}},
	url = {http://docs.oasis-open.org/xacml/3.0/xacml-3.0-core-spec-os-en.html},
	author = {Parducci, Bill and Lockhart, Hal and Rissanen, Erik},
	year = {2013}
}

@inproceedings{iyilade_p2u_2014,
	location = {San Jose, {CA}},
	title = {{P2U: A Privacy Policy Specification Language for Secondary Data Sharing and Usage}},
	isbn = {978-1-4799-5103-1},
	doi = {10.1109/SPW.2014.12},
	shorttitle = {P2U},
	eventtitle = {2014 {IEEE} Security and Privacy Workshops ({SPW})},
	pages = {18--22},
	booktitle = {2014 {IEEE} Security and Privacy Workshops},
	publisher = {{IEEE}},
	author = {Iyilade, Johnson and Vassileva, Julita},
	urldate = {2020-06-25},
	year = {2014},
	langid = {english}
}

@incollection{hutchison_framework_2013,
	location = {Berlin, Heidelberg},
	title = {{A Framework for Privacy-Aware User Data Trading}},
	volume = {7899},
	isbn = {978-3-642-38843-9 978-3-642-38844-6},
	pages = {310--317},
	booktitle = {User Modeling, Adaptation, and Personalization},
	publisher = {Springer Berlin Heidelberg},
	author = {Iyilade, Johnson and Vassileva, Julita},
	editor = {Carberry, Sandra and Weibelzahl, Stephan and Micarelli, Alessandro and Semeraro, Giovanni},
	editorb = {Hutchison, David and Kanade, Takeo and Kittler, Josef and Kleinberg, Jon M. and Mattern, Friedemann and Mitchell, John C. and Naor, Moni and Nierstrasz, Oscar and Pandu Rangan, C. and Steffen, Bernhard and Sudan, Madhu and Terzopoulos, Demetri and Tygar, Doug and Vardi, Moshe Y. and Weikum, Gerhard},
	editorbtype = {redactor},
	urldate = {2020-06-25},
	year = {2013},
	langid = {english},
	doi = {10.1007/978-3-642-38844-6_28},
	series = {Lecture Notes in Computer Science}
}

@inproceedings{gangemi_scalable_2018,
	location = {Cham},
	title = {{A Scalable Consent, Transparency and Compliance Architecture}},
	volume = {11155},
	isbn = {978-3-319-98191-8 978-3-319-98192-5},
	series = {Lecture Notes in Computer Science},
	pages = {131--136},
	booktitle = {The Semantic Web: {ESWC} 2018 Satellite Events},
	publisher = {Springer International Publishing},
	author = {Kirrane, Sabrina and Fernández, Javier D. and Dullaert, Wouter and Milosevic, Uros and Polleres, Axel and Bonatti, Piero A. and Wenning, Rigo and Drozd, Olha and Raschke, Philip},
	editor = {Gangemi, Aldo and Gentile, Anna Lisa and Nuzzolese, Andrea Giovanni and Rudolph, Sebastian and Maleshkova, Maria and Paulheim, Heiko and Pan, Jeff Z and Alam, Mehwish},
	urldate = {2020-06-25},
	year = {2018},
	langid = {english},
	doi = {10.1007/978-3-319-98192-5_25},
}

@misc{bonatti_special_2019,
	title = {{The SPECIAL Usage Policy Language version 1.0}},
	url = {https://ai.wu.ac.at/policies/policylanguage/},
	author = {Bonatti, Piero and Kirrane, Sabrina and Petrova, Iliana Mineva and Sauro, Luigi and Schlehahn, Eva},
	urldate = {2022-01-02},
	year = {2019}
}

@techreport{kirrane_transparency_2018,
	title = {{Transparency Framework V2 -- Deliverable D2.7}},
	url = {https://www.specialprivacy.eu/images/documents/SPECIAL\_D27\_M23\_V10.pdf},
	type = {Project deliverable},
	author = {Kirrane, Sabrina and Milosevic, Uros and Fernández, Javier D. and Polleres, Axel and Langens, Jonathan},
	year = {2018}
}

@inproceedings{martiny_partial_2020,
	location = {San Diego, {CA}, {USA}},
	title = {{Partial Decision Overrides in a Declarative Policy Framework}},
	isbn = {978-1-72816-332-1},
	doi = {10.1109/ICSC.2020.00056},
	eventtitle = {2020 {IEEE} 14th International Conference on Semantic Computing ({ICSC})},
	pages = {271--278},
	booktitle = {2020 {IEEE} 14th International Conference on Semantic Computing ({ICSC})},
	publisher = {{IEEE}},
	author = {Martiny, Karsten and Denker, Grit},
	urldate = {2020-06-26},
	year = {2020},
	langid = {english}
}

@inproceedings{martiny_protecting_2018,
	location = {Laguna Hills, {CA}, {USA}},
	title = {{Protecting Privacy with a Declarative Policy Framework}},
	isbn = {978-1-5386-4408-9},
	doi = {10.1109/ICSC.2018.00039},
	eventtitle = {2018 {IEEE} 12th International Conference on Semantic Computing ({ICSC})},
	pages = {227--234},
	booktitle = {2018 {IEEE} 12th International Conference on Semantic Computing ({ICSC})},
	publisher = {{IEEE}},
	author = {Martiny, Karsten and Elenius, Daniel and Denker, Grit},
	urldate = {2020-06-26},
	year = {2018},
	langid = {english}
}

@incollection{gerl_lpl_2018,
	location = {Berlin, Heidelberg},
	title = {{LPL, Towards a GDPR-Compliant Privacy Language: Formal Definition and Usage}},
	isbn = {978-3-662-57932-9},
	series = {Lecture Notes in Computer Science},
	shorttitle = {{LPL}, Towards a {GDPR}-Compliant Privacy Language},
	pages = {41--80},
	booktitle = {Transactions on Large-Scale Data- and Knowledge-Centered Systems {XXXVII}},
	publisher = {Springer},
	author = {Gerl, Armin and Bennani, Nadia and Kosch, Harald and Brunie, Lionel},
	editor = {Hameurlain, Abdelkader and Wagner, Roland},
	urldate = {2021-07-01},
	year = {2018},
	langid = {english},
	doi = {10.1007/978-3-662-57932-9_2},
	keywords = {Anonymization, {GDPR}, {LPL}, Personal privacy, Privacy language, Privacy model, Privacy-preservation, Provenance}
}

@inproceedings{gerl_critical_2018,
	title = {{Critical Analysis of LPL according to Articles 12 - 14 of the {GDPR}}},
	doi = {10.1145/3230833.3233267},
	pages = {1--9},
	author = {Gerl, Armin and Pohl, Dirk},
	year = {2018}
}

@inproceedings{gerl_privacy_2019,
	title = {{Privacy in the Future of Integrated Health Care Services – Are Privacy Languages the Key?}},
	doi = {10.1109/WiMOB.2019.8923532},
	eventtitle = {2019 International Conference on Wireless and Mobile Computing, Networking and Communications ({WiMob})},
	pages = {312--317},
	booktitle = {2019 International Conference on Wireless and Mobile Computing, Networking and Communications ({WiMob})},
	author = {Gerl, Armin and Meier, Bianca},
	year = {2019},
	keywords = {{GDPR}, Privacy, Data privacy, Hospitals, Negotiation, Conferences, Consent Management, Layered Privacy Language, Personalization, Privacy Management, Stakeholders, Wireless communication}
}

@inproceedings{gerl_extending_2018,
	title = {{Extending Layered Privacy Language to Support Privacy Icons for a Personal Privacy Policy User Interface}},
	doi = {10.14236/ewic/hci2018.177},
	author = {Gerl, Armin},
	year = {2018}
}

@article{gerl_interface_2018,
	title = {{LPL Personal Privacy Policy User Interface: Design and Evaluation}},
	doi = {10.18420/MUC2018-WS08-0540},
	shorttitle = {{LPL} Personal Privacy Policy User Interface},
	author = {Gerl, Armin and Prey, Florian},
	urldate = {2021-07-01},
	year = {2018},
	langid = {english},
	note = {Publisher: Gesellschaft für Informatik e.V.},
	file = {Gerl and Prey - 2018 - LPL Personal Privacy Policy User Interface Design.pdf:C\:\\Users\\beatr\\Zotero\\storage\\LCLTKMY8\\Gerl and Prey - 2018 - LPL Personal Privacy Policy User Interface Design.pdf:application/pdf}
}

@techreport{sambra_solid_2016,
	title = {Solid: A Platform for Decentralized Social Applications Based on Linked Data},
	type = {Technical Report},
	author = {Sambra, Andrei Vlad and Mansour, Essam and Hawke, Sandro and Zereba, Maged and Greco, Nicola and Ghanem, Abdurrahman and Zagidulin, Dmitri and Aboulnaga, Ashraf and Berners-Lee, Tim},
	year = {2016},
	langid = {english},
	file = {Sambra et al. - Solid A Platform for Decentralized Social Applica.pdf:C\:\\Users\\beatr\\Zotero\\storage\\9FHRK6D4\\Sambra et al. - Solid A Platform for Decentralized Social Applica.pdf:application/pdf},
}

@inproceedings{esteves_odrl_2021,
	title = {{ODRL Profile for Expressing Consent through Granular Access Control Policies in Solid}},
	doi = {10.1109/EuroSPW54576.2021.00038},
	eventtitle = {2021 {IEEE} European Symposium on Security and Privacy Workshops ({EuroS} {PW})},
	pages = {298--306},
	booktitle = {2021 {IEEE} European Symposium on Security and Privacy Workshops ({EuroS} {PW})},
	author = {Esteves, Beatriz and Pandit, Harshvardhan J. and Rodríguez-Doncel, Víctor},
	year = {2021},
}

@inproceedings{debackere_policy-oriented_2022,
	location = {New York, {NY}, {USA}},
	title = {{A Policy-Oriented Architecture for Enforcing Consent in Solid}},
	isbn = {978-1-4503-9130-6},
	url = {https://dl.acm.org/doi/10.1145/3487553.3524630},
	doi = {10.1145/3487553.3524630},
	series = {{WWW} '22},
	pages = {516--524},
	booktitle = {Companion Proceedings of the Web Conference 2022},
	publisher = {Association for Computing Machinery},
	author = {Debackere, Laurens and Colpaert, Pieter and Taelman, Ruben and Verborgh, Ruben},
	urldate = {2023-05-09},
	year = {2022},
	keywords = {Consent, Semantic Web, {ODRL}, Solid, Access Control},
	file = {Full Text PDF:C\:\\Users\\beatr\\Zotero\\storage\\VXKBJT2L\\Debackere et al. - 2022 - A Policy-Oriented Architecture for Enforcing Conse.pdf:application/pdf},
}

@inproceedings{havur_greater_2020,
	location = {Valletta, Malta},
	title = {{Greater Control and Transparency in Personal Data Processing}},
	isbn = {978-989-758-399-5},
	doi = {10.5220/0009143206550662},
	shorttitle = {Greater Control and Transparency in Personal Data Processing},
	eventtitle = {6th International Conference on Information Systems Security and Privacy},
	pages = {655--662},
	booktitle = {Proceedings of the 6th International Conference on Information Systems Security and Privacy},
	publisher = {{SCITEPRESS} - Science and Technology Publications},
	author = {Havur, Giray and Sande, Miel and Kirrane, Sabrina},
	urldate = {2023-06-07},
	year = {2020},
}

@inproceedings{de_mulder_prov4itdata_2021,
	location = {New York, {NY}, {USA}},
	title = {{PROV4ITDaTa: Transparent and direct transfer of personal data to personal stores}},
	isbn = {978-1-4503-8313-4},
	doi = {10.1145/3442442.3458608},
	series = {{WWW} '21},
	shorttitle = {{PROV}4ITDaTa},
	pages = {695--697},
	booktitle = {Companion Proceedings of the Web Conference 2021},
	publisher = {Association for Computing Machinery},
	author = {De Mulder, Gertjan and De Meester, Ben and Heyvaert, Pieter and Taelman, Ruben and Dimou, Anastasia and Verborgh, Ruben},
	urldate = {2023-06-05},
	year = {2021},
}

@techreport{de_bot_data_2021,
	title = {{Data Sharing Patterns as a Tool to Tackle Legal Considerations about Data Reuse with Solid: Theory and Applications in Europe}},
	url = {https://go.digita.ai/reuse-patterns},
	type = {Digita Research Reports},
	author = {De Bot, D. and Haegemans, T.},
	urldate = {2023-06-06},
	year = {2021},
}

@inproceedings{bailly_prototyping_2023,
	location = {Cham},
	title = {{Prototyping an End-User User Interface for the Solid Application Interoperability Specification Under GDPR}},
	isbn = {978-3-031-33455-9},
	doi = {10.1007/978-3-031-33455-9_33},
	series = {Lecture Notes in Computer Science},
	pages = {557--573},
	booktitle = {The Semantic Web},
	publisher = {Springer Nature Switzerland},
	author = {Bailly, Hadrien and Papanna, Anoop and Brennan, Rob},
	editor = {Pesquita, Catia and Jimenez-Ruiz, Ernesto and {McCusker}, Jamie and Faria, Daniel and Dragoni, Mauro and Dimou, Anastasia and Troncy, Raphael and Hertling, Sven},
	year = {2023},
}

@inproceedings{hochstenbach_rdf_2023,
	title = {{RDF Surfaces: Computer Says No}},
	url = {https://ruben.verborgh.org/publications/hochstenbach_trusdekw_2023/},
	shorttitle = {{RDF} Surfaces},
	booktitle = {1st Workshop on Trusting Decentralised Knowledge Graphs and Web Data},
	author = {Hochstenbach, Patrick and De Roo, Jos and Verborgh, Ruben},
	urldate = {2023-06-08},
	year = {2023},
}

@article{sun_citizen-centric_2023,
	title = {{ciTIzen-centric {DAta} {pLatform} ({TIDAL}): Sharing distributed personal data in a privacy-preserving manner for health research}},
	volume = {14},
	issn = {1570-0844},
	doi = {10.3233/SW-223220},
	shorttitle = {{ciTIzen}-centric {DAta} {pLatform} ({TIDAL})},
	pages = {977--996},
	number = {5},
	journal = {Semantic Web},
	author = {Sun, Chang and Gallofré Ocaña, Marc and van Soest, Johan and Dumontier, Michel},
	urldate = {2023-06-07},
	year = {2023},
	langid = {english},
	note = {Publisher: {IOS} Press},
}

@misc{noauthor_janeiro_nodate,
	title = {{Janeiro Digital at Solid World: {NHS} Personal Health Stores with {XFORM} Health and Solid}},
	url = {https://www.janeirodigital.com/blog/janeiro-digital-at-solid-world-nhs-personal-health-stores-with-xform-health-and-solid/},
	shorttitle = {Janeiro Digital at Solid World},
	urldate = {2023-06-08},
    year = {2021},
}


@article{capadisli_solid_2022,
	title = {{Solid Protocol Version 0.10.0}},
	url = {https://solidproject.org/TR/protocol},
	journal = {W3C Community Group Draft Report},
	author = {Capadisli, Sarven and Berners-Lee, Tim and Verborgh, Ruben and Kjernsmo, Kjetil},
	urldate = {2023-05-09},
	year = {2022},
}

@techreport{fielding_http_2022,
	title = {{HTTP Semantics}},
	url = {https://datatracker.ietf.org/doc/rfc9110},
	number = {{RFC} 9110},
	institution = {Internet Engineering Task Force},
	type = {Internet Standard},
	author = {Fielding, Roy T. and Nottingham, Mark and Reschke, Julian},
	urldate = {2023-07-28},
	year = {2022},
	doi = {10.17487/RFC9110},
}

@article{cyganiak_rdf_2014,
	title = {{RDF 1.1 Concepts and Abstract Syntax}},
	url = {https://www.w3.org/TR/rdf11-concepts/},
	journal = {W3C Recommendation},
	author = {Cyganiak, Richard and Wood, David and Lanthaler, Markus},
	urldate = {2023-07-29},
	year = {2014},
}

@article{brickley_rdf_2014,
	title = {{RDF Schema 1.1}},
	url = {https://www.w3.org/TR/rdf11-schema/},
	journal = {W3C Recommendation},
	author = {Brickley, Dan and Guha, R.V.},
	urldate = {2023-07-29},
	year = {2014},
}

@article{prudhommeaux_rdf_2014,
	title = {{RDF 1.1 Turtle: Terse {RDF} Triple Language}},
	url = {https://www.w3.org/TR/turtle/},
	journal = {W3C Recommendation},
	author = {Prud'hommeaux, Eric and Carothers, Gavin},
	urldate = {2023-07-29},
	year = {2014},
}

@article{gregg_kellogg_json-ld_2020,
	title = {{{JSON}-{LD} 1.1: A {JSON}-based Serialization for Linked Data}},
	url = {https://www.w3.org/TR/json-ld/},
	journal = {W3C Recommendation},
	author = {{Gregg Kellogg} and {Pierre-Antoine Champin} and {Dave Longley}},
	urldate = {2023-07-29},
	year = {2020},
}

@article{speicher_linked_2015,
	title = {{Linked Data Platform 1.0}},
	url = {https://www.w3.org/TR/ldp/},
	journal = {W3C Recommendation},
	author = {Speicher, Steve and Arwe, John and Malhotra, Ashok},
	urldate = {2023-07-29},
	year = {2015},
}

@article{harris_sparql_2013,
	title = {{SPARQL 1.1 Query Language}},
	url = {https://www.w3.org/TR/sparql11-query/},
	journal = {W3C Recommendation},
	author = {Harris, Steve and Seaborne, Andy},
	urldate = {2023-07-29},
	year = {2013},
}

@article{story_webid-tls_2014,
	title = {{WebID}-{TLS}: {WebID Authentication} over {TLS}},
	url = {https://www.w3.org/2005/Incubator/webid/spec/tls/},
	journal = {W3C Editor's Draft},
	author = {Story, Henry and Corlosquet, Stéphane and Sambra, Andrei},
	urldate = {2023-07-29},
	year = {2014},
}

@techreport{sakimura_openid_2014,
	title = {{OpenID Connect Core 1.0}},
	url = {https://openid.net/specs/openid-connect-core-1_0.html},
	author = {Sakimura, Nat and Bradley, John and Jones, Michael B. and Medeiros, Breno de and Mortimore, Chuck},
	urldate = {2023-07-29},
	year = {2014},
}

@article{balseiro_solid_2022,
	title = {{Solid WebID Profile Version 1.0.0}},
	url = {https://solid.github.io/webid-profile/},
	journal = {W3C Community Group Draft Report},
	author = {Balseiro, Virginia and Turdean, Timea and Zucker, Jeff},
	urldate = {2023-07-26},
	year = {2022},
}

@article{coburn_oidc_2022,
	title = {{Solid-OIDC Version 0.1.0}},
	url = {https://solidproject.org/TR/oidc},
	journal = {W3C Community Group Draft Report},
	author = {Coburn, Aaron and Pavlik, elf and Zagidulin, Dmitri},
	year = {2022},
}

@article{morgan_oidcprimer_2022,
	title = {{Solid-OIDC Primer Version 0.1.0}},
	url = {https://solidproject.org/TR/oidc-primer},
	journal = {W3C Community Group Draft Report},
	author = {Morgan, Jackson and Coburn, Aaron and Bosquet, Matthieu},
	urldate = {2023-07-26},
	year = {2022},
}

@article{solid_editorial_team_use_2023,
	title = {{Use Cases and Requirements for Authorization in Solid}},
	url = {https://solid.github.io/authorization-panel/authorization-ucr/},
	journal = {W3C Community Group Draft Report},
	author = {{Solid Editorial Team}},
	urldate = {2023-07-26},
	year = {2023},
}

@article{bingham_interop_2023,
	title = {{Solid Application Interoperability}},
	url = {https://solid.github.io/data-interoperability-panel/specification/},
	journal = {W3C Community Group Draft Report},
	author = {Bingham, Justin and Prud'hommeaux, Eric and Pavlik, elf},
	urldate = {2023-07-26},
	year = {2023},
}

@article{capadisli_wac_2022,
	title = {{Web Access Control Version 1.0.0}},
	url = {https://solidproject.org/TR/wac},
	journal = {W3C Candidate Recommendation},
	author = {Capadisli, Sarven},
	urldate = {2023-07-26},
	year = {2022},
}

@article{bosquet_acp_2022,
	title = {{Access Control Policy ({ACP}) Version 0.9.0}},
	url = {https://solidproject.org/TR/acp},
	journal = {W3C Community Group Draft Report},
	author = {Bosquet, Matthieu},
	urldate = {2023-07-26},
	year = {2022},
}

@inproceedings{taelman_comunica_2018,
	location = {Cham},
	title = {Comunica: A Modular {SPARQL} Query Engine for the Web},
	isbn = {978-3-030-00668-6},
	doi = {10.1007/978-3-030-00668-6_15},
	series = {Lecture Notes in Computer Science},
	shorttitle = {Comunica},
	pages = {239--255},
	booktitle = {The Semantic Web – {ISWC} 2018},
	publisher = {Springer International Publishing},
	author = {Taelman, Ruben and Van Herwegen, Joachim and Vander Sande, Miel and Verborgh, Ruben},
	editor = {Vrandečić, Denny and Bontcheva, Kalina and Suárez-Figueroa, Mari Carmen and Presutti, Valentina and Celino, Irene and Sabou, Marta and Kaffee, Lucie-Aimée and Simperl, Elena},
	year = {2018},
}

@inproceedings{dimou_rml_2014,
	title = {{RML}: A Generic Language for Integrated {RDF} Mappings of Heterogeneous Data},
	volume = {1184},
	url = {http://ceur-ws.org/Vol-1184/ldow2014_paper_01.pdf},
	booktitle = {Proceedings of the 7th Workshop on Linked Data on the Web},
	publisher = {{CEUR}},
	author = {Dimou, Anastasia and Sande, Miel Vander and Colpaert, Pieter and Verborgh, Ruben and Mannens, Erik and Van de Walle, Rik},
	year = {2014},
}

@inproceedings{fatema_compliance_2017,
	title = {{Compliance through Informed Consent: Semantic Based Consent Permission and Data Management Model}},
	volume = {1951},
	url = {https://ceur-ws.org/Vol-1951/PrivOn2017_paper_5.pdf},
	booktitle = {Proceedings of the 5th Workshop on Society, Privacy and the Semantic Web - Policy and Technology ({PrivOn}2017) co-located with the 16th International Semantic Web Conference ({ISWC} 2017)},
	publisher = {{CEUR}},
	author = {Fatema, Kaniz and Hadziselimovic, Ensar and Pandit, Harshvardhan and Debruyne, Christophe and Lewis, Dave and O’Sullivan, Declan},
	year = {2017},
}

@inproceedings{piras_defend_2019,
	location = {Cham},
	title = {{DEFeND Architecture: A Privacy by Design Platform for {GDPR} Compliance}},
	isbn = {978-3-030-27813-7},
	doi = {10.1007/978-3-030-27813-7_6},
	series = {Lecture Notes in Computer Science},
	shorttitle = {{DEFeND} Architecture},
	pages = {78--93},
	booktitle = {Trust, Privacy and Security in Digital Business},
	publisher = {Springer International Publishing},
	author = {Piras, Luca and Al-Obeidallah, Mohammed Ghazi and Praitano, Andrea and Tsohou, Aggeliki and Mouratidis, Haralambos and Gallego-Nicasio Crespo, Beatriz and Bernard, Jean Baptiste and Fiorani, Marco and Magkos, Emmanouil and Sanz, Andrès Castillo and Pavlidis, Michalis and D’Addario, Roberto and Zorzino, Giuseppe Giovanni},
	editor = {Gritzalis, Stefanos and Weippl, Edgar R. and Katsikas, Sokratis K. and Anderst-Kotsis, Gabriele and Tjoa, A Min and Khalil, Ismail},
	year = {2019},
}

@article{asgarinia_who_2023,
	title = {{“Who Should I Trust with My Data?” Ethical and Legal Challenges for Innovation in New Decentralized Data Management Technologies}},
	volume = {14},
	rights = {http://creativecommons.org/licenses/by/3.0/},
	issn = {2078-2489},
	doi = {10.3390/info14070351},
	shorttitle = {Who Should I Trust with My Data?},
	number = {7},
	journal = {Information},
	author = {Asgarinia, Haleh and Chomczyk Penedo, Andres and Esteves, Beatriz and Lewis, Dave},
	urldate = {2023-07-06},
	year = {2023},
}

@article{florea_is_2023,
	title = {{Is Automated Consent in Solid {GDPR}-Compliant? An Approach for Obtaining Valid Consent with the Solid Protocol}},
	volume = {14},
	rights = {http://creativecommons.org/licenses/by/3.0/},
	issn = {2078-2489},
	doi = {10.3390/info14120631},
	shorttitle = {Is Automated Consent in Solid {GDPR}-Compliant?},
	number = {12},
	journal = {Information},
	author = {Florea, Marcu and Esteves, Beatriz},
	urldate = {2023-11-30},
	year = {2023},
}

@article{sporny_decentralized_2022,
	title = {{Decentralized Identifiers (DIDs) v1.0: Core architecture, data model, and representations}},
	url = {https://www.w3.org/TR/did-core/},
	journal = {W3C Recommendation},
	author = {Sporny, Manu and Longley, Dave and Sabadello, Markus and Reed, Drummond and Steele, Orie and Allen, Christopher},
	urldate = {2023-08-19},
	year = {2022},
}

@article{sporny_verifiable_2023,
	title = {{Verifiable Credentials Data Model v2.0}},
	url = {https://www.w3.org/TR/vc-data-model-2.0/},
	journal = {W3C Working Draft},
	author = {Sporny, Manu and Longley, Dave and Chadwick, David},
	urldate = {2023-08-19},
	year = {2023},
}

@inproceedings{braun_selfverifying_2022,
	location = {Cham},
	title = {{Self-verifying Web Resource Representations Using Solid, {RDF}-Star and Signed URIs}},
	isbn = {978-3-031-11609-4},
	doi = {10.1007/978-3-031-11609-4_26},
	series = {Lecture Notes in Computer Science},
	pages = {138--142},
	booktitle = {The Semantic Web: {ESWC} 2022 Satellite Events},
	publisher = {Springer International Publishing},
	author = {Braun, Christoph H.-J. and Käfer, Tobias},
	editor = {Groth, Paul and Rula, Anisa and Schneider, Jodi and Tiddi, Ilaria and Simperl, Elena and Alexopoulos, Panos and Hoekstra, Rinke and Alam, Mehwish and Dimou, Anastasia and Tamper, Minna},
	year = {2022},
}

@article{arndt_rdfstar_2023,
	title = {{RDF}-star and {SPARQL}-star},
	url = {https://w3c.github.io/rdf-star/cg-spec/editors_draft.html},
	journal = {Draft Community Group Report},
	author = {Arndt, Dörthe and Broekstra, Jeen and {DuCharme}, Bob and Lassila, Ora and Patel-Schneider, Peter F. and Prud'hommeaux, Eric and Thibodeau, Jr., Ted and Thompson, Bryan},
	urldate = {2023-08-19},
	year = {2023},
}

@inproceedings{braun_attributebased_2022,
	title = {{Attribute-based Access Control on Solid Pods using Privacy-friendly Credentials}},
	booktitle = {Proceedings of the Poster and Demo Track and Workshop Track of the 18th International Conference on Semantic Systems Co-Located with 18th International Conference on Semantic Systems ({SEMANTiCS} 2022)},
	author = {Braun, Christoph H.-J. and Käfer, Tobias},
	year = {2022},
}

@article{capadisli_linked_2017,
	title = {{Linked Data Notifications}},
	url = {https://www.w3.org/TR/ldn/},
	journal = {W3C Recommendation},
	author = {Capadisli, Sarven and Guy, Amy},
	urldate = {2023-08-19},
	year = {2017},
}

@article{ezike_solidvc_2019,
	title = {{SolidVC: a decentralized framework for Verifiable Credentials on the web}},
	rights = {{MIT} theses are protected by copyright. They may be viewed, downloaded, or printed from this source but further reproduction or distribution in any format is prohibited without written permission.},
	url = {https://hdl.handle.net/1721.1/121667},
	shorttitle = {{SolidVC}},
	note = {Massachusetts Institute of Technology},
	journal = {Master’s thesis},
	author = {Ezike, Kayode Yadilichi},
	urldate = {2023-08-19},
	year = {2019},
}

@article{pandit_making_2023,
	title = {{Making Sense of Solid for Data Governance and GDPR}},
	volume = {14},
	rights = {http://creativecommons.org/licenses/by/3.0/},
	issn = {2078-2489},
	doi = {10.3390/info14020114},
	number = {2},
	journal = {Information},
	author = {Pandit, Harshvardhan J.},
	urldate = {2023-06-07},
	year = {2023},
}

@incollection{chugunov_streamlining_2020,
	location = {Cham},
	title = {{Streamlining Governmental Processes by Putting Citizens in Control of Their Personal Data}},
	volume = {1135},
	isbn = {978-3-030-39295-6 978-3-030-39296-3},
	pages = {346--359},
	booktitle = {Electronic Governance and Open Society: Challenges in Eurasia},
	publisher = {Springer International Publishing},
	author = {Buyle, Raf and Taelman, Ruben and Mostaert, Katrien and Joris, Geroen and Mannens, Erik and Verborgh, Ruben and Berners-Lee, Tim},
	editor = {Chugunov, Andrei and Khodachek, Igor and Misnikov, Yuri and Trutnev, Dmitrii},
	urldate = {2023-07-17},
	year = {2020},
	langid = {english},
	doi = {10.1007/978-3-030-39296-3_26},
	note = {Communications in Computer and Information Science},
}

@misc{noauthor_pds_2021,
	title = {{PDS Interop}},
	url = {https://pdsinterop.org/},
	abstract = {{PDS} Interop organisation website},
	titleaddon = {{PDS} Interop},
	urldate = {2023-08-20},
	year = {2021},
}

@misc{kuesel_bbc_2022,
	title = {{The BBC Uses Inrupt's Solid Server to Deliver Viewers a Personalized But Private "Watch Party" Experience}},
	url = {https://www.inrupt.com/blog/the-bbc-uses-inrupts-solid-server-to-deliver-viewers-a-personalized-but-private-watch-party-experience},
	abstract = {In the {BBC}'s new product, users' data is stored in Solid Pods and only shared with the {BBC} if they choose},
	author = {Kuesel, Christy},
	urldate = {2023-08-20},
	year = {2022},
}

@misc{olivo_solid_2020,
	title = {Solid -- a new era for enterprises and customers -- with the {BBC} and {NatWest}},
	url = {https://www.inrupt.com/blog/solid-enterprise-natwest-bbc},
	abstract = {Dive into two use cases using Solid and Inrupt's technology to solve important problems and deliver value.},
	author = {Olivo, Oz},
	urldate = {2023-08-20},
	year = {2020},
}

@inproceedings{verstraete_solid_2022,
	location = {Gothenburg, Sweden},
	title = {Solid: Enabler of decentralized, digital platforms ecosystems},
	url = {http://hdl.handle.net/10419/265673},
	booktitle = {31st European Conference of the International Telecommunications Society ({ITS}): "Reining in Digital Platforms? Challenging monopolies, promoting competition and developing regulatory regimes"},
	author = {Verstraete, Melanie and Verbrugge, Sofie and Colle, Didier},
	year = {2022},
}

@article{esposito_assessing_2023,
	title = {{Assessing the Solid Protocol in Relation to Security and Privacy Obligations}},
	volume = {14},
	rights = {http://creativecommons.org/licenses/by/3.0/},
	issn = {2078-2489},
	doi = {10.3390/info14070411},
	number = {7},
	journal = {Information},
	author = {Esposito, Christian and Horne, Ross and Robaldo, Livio and Buelens, Bart and Goesaert, Elfi},
	urldate = {2023-08-20},
	year = {2023},
}

@article{toth_preserving_2022,
	title = {{Preserving control over user data in the hospitality industry with Solid}},
	url = {https://dspace.cuni.cz/handle/20.500.11956/176270},
	note = {Charles University},
	journal = {Master’s thesis},
	author = {Tóth, Gergely},
	urldate = {2023-08-21},
	year = {2022},
}

@article{wang_enhancing_2020,
	title = {{Enhancing Public Service Delivery by improving Governmental Processes through the decentralized Solid Ecosystem}},
	url = {https://rog.pleio.nl/file/download/a692d988-963d-4dbc-908f-1d7aae37f845/1605087634thesis_solid.pdf},
	note = {Vrije Universiteit Amsterdam},
	journal = {Master’s thesis},
	author = {Wang, Lisa},
	year = {2020},
}

@inproceedings{van_damme_towards_2022,
	location = {Cham},
	title = {{Towards a Research Agenda for Personal Data Spaces: Synthesis of a Community Driven Process}},
	isbn = {978-3-031-15086-9},
	doi = {10.1007/978-3-031-15086-9_36},
	series = {Lecture Notes in Computer Science},
	shorttitle = {Towards a Research Agenda for Personal Data Spaces},
	pages = {563--577},
	booktitle = {Electronic Government},
	publisher = {Springer International Publishing},
	author = {Van Damme, Sander and Mechant, Peter and Vlassenroot, Eveline and Van Compernolle, Mathias and Buyle, Raf and Bauwens, Dorien},
	editor = {Janssen, Marijn and Csáki, Csaba and Lindgren, Ida and Loukis, Euripidis and Melin, Ulf and Viale Pereira, Gabriela and Rodríguez Bolívar, Manuel Pedro and Tambouris, Efthimios},
	year = {2022},
}

@inproceedings{dedecker_whats_2022,
	title = {{What's in a Pod? A Knowledge Graph Interpretation For The Solid Ecosystem}},
	volume = {3279},
	isbn = {1613-0073},
	url = {https://ceur-ws.org/Vol-3279/paper6.pdf},
	series = {{CEUR} Workshop Proceedings},
	pages = {81--96},
	booktitle = {Proceedings of the 6th Workshop on Storing, Querying and Benchmarking Knowledge Graphs},
	author = {Dedecker, Ruben and Slabbinck, Wout and Wright, Jesse and Hochstenbach, Patrick and Colpaert, Pieter and Verborgh, Ruben},
	year = {2022},
}

@inproceedings{van_de_wynckel_solidbased_2022,
	title = {{A Solid-based Architecture for Decentralised Interoperable Location Data}},
	volume = {3248},
	url = {https://ceur-ws.org/Vol-3248/paper11.pdf},
	series = {{CEUR} Workshop Proceedings},
	booktitle = {12th International Conference on Indoor Positioning and Indoor Navigation ({IPIN} 2022)},
	author = {Van de Wynckel, Maxim and Signer, Beat},
	year = {2022},
}

@incollection{ammar_personal_2020,
	title = {{The Personal Health Library: A Single Point of Secure Access to Patient Digital Health Information}},
	shorttitle = {The Personal Health Library},
	pages = {448--452},
	booktitle = {Digital Personalized Health and Medicine},
	publisher = {{IOS Press}},
	author = {Ammar, Nariman and Bailey, James E. and Davis, Robert L. and Shaban-Nejad, Arash},
	urldate = {2023-08-23},
	year = {2020},
	doi = {10.3233/SHTI200200},
}

@article{ammar_using_2021,
	title = {{Using a Personal Health Library–Enabled {mHealth} Recommender System for Self-Management of Diabetes Among Underserved Populations: Use Case for Knowledge Graphs and Linked Data}},
	volume = {5},
	issn = {2561-326X},
	doi = {10.2196/24738},
	shorttitle = {Using a Personal Health Library–Enabled {mHealth} Recommender System for Self-Management of Diabetes Among Underserved Populations},
	number = {3},
	journal = {{JMIR} Formative Research},
	shortjournal = {{JMIR} Form Res},
	author = {Ammar, Nariman and Bailey, James E and Davis, Robert L and Shaban-Nejad, Arash},
	urldate = {2023-07-17},
	year = {2021},
}

@article{fallatah_personal_2023,
	title = {{Personal Data Stores (PDS): A Review}},
	volume = {23},
	issn = {1424-8220},
	doi = {10.3390/s23031477},
	shorttitle = {Personal Data Stores ({PDS})},
	pages = {1477},
	number = {3},
	journal = {Sensors},
	shortjournal = {Sensors},
	author = {Fallatah, Khalid U. and Barhamgi, Mahmoud and Perera, Charith},
	urldate = {2023-07-17},
	year = {2023},
}

@misc{pandit_primer_2022,
	title = {{Primer Data Privacy Vocabulary (DPV) -- Final Community Group Report 05 December 2022}},
	url = {https://w3id.org/dpv/primer},
	type = {Final Community Group Report 05 December 2022},
	author = {Pandit, Harshvardhan J. and Krog, Georg P. and Esteves, Beatriz},
	urldate = {2023-09-26},
	year = {2022},
}

url = {https://doi.org/10.1145/3565011.3569061},
@inproceedings{esteves_fostering_2022,
	location = {New York, {NY}, {USA}},
	title = {{Fostering trust with transparency in the data economy era: an integrated ethical, legal, and knowledge engineering approach}},
	isbn = {978-1-4503-9923-4},
	doi = {10.1145/3565011.3569061},
	shorttitle = {Fostering trust with transparency in the data economy era},
	pages = {57--63},
	booktitle = {Proceedings of the 1st International Workshop on Data Economy},
	publisher = {Association for Computing Machinery},
	author = {Esteves, Beatriz and Asgarinia, Haleh and Penedo, Andres Chomczyk and Mutiro, Blessing and Lewis, Dave},
	urldate = {2023-07-05},
	year = {2022},
}

url = {https://ebooks.iospress.nl/doi/10.3233/SSW230015},
@incollection{esteves_semantics_2023,
	title = {{Semantics for Implementing Data Reuse and Altruism Under EU’s Data Governance Act}},
	pages = {210--226},
	booktitle = {Knowledge Graphs: Semantics, Machine Learning, and Languages},
	publisher = {{IOS} Press},
	author = {Esteves, Beatriz and Rodríguez-Doncel, Víctor and Pandit, Harshvardhan J. and Lewis, Dave},
	urldate = {2023-10-01},
	year = {2023},
	doi = {10.3233/SSW230015},
}

@inproceedings{esteves_using_2023,
	location = {Athens, Greece},
	title = {{Using Patterns to Manage Governance of Solid Apps}},
	url = {https://zenodo.org/record/8303102},
	booktitle = {To Appear on the Proceedings of the 14th Workshop on Ontology Design and Patterns ({WOP} 2023@{ISWC} 2023)},
	author = {Esteves, Beatriz and Pandit, Harshvardhan J.},
	urldate = {2023-09-02},
	year = {2023},
	doi = {10.5281/zenodo.8303102},
}

@inproceedings{esteves_towards_2023,
	title = {{Towards an Architecture for Data Altruism in Solid}},
	booktitle = {To Appear on the Proceedings of the 22nd International Semantic Web Conference: Posters, Demos, and Industry Tracks},
	author = {Esteves, Beatriz},
	year = {2023},
}

@inproceedings{agarwal_legislative_2018,
	location = {Cham},
	title = {{Legislative Compliance Assessment: Framework, Model and GDPR Instantiation}},
	isbn = {978-3-030-02547-2},
	doi = {10.1007/978-3-030-02547-2_8},
	series = {Lecture Notes in Computer Science},
	pages = {131--149},
	booktitle = {Privacy Technologies and Policy},
	publisher = {Springer International Publishing},
	author = {Agarwal, Sushant and Steyskal, Simon and Antunovic, Franjo and Kirrane, Sabrina},
	editor = {Medina, Manel and Mitrakas, Andreas and Rannenberg, Kai and Schweighofer, Erich and Tsouroulas, Nikolaos},
	year = {2018},
}

@inproceedings{de_vos_odrl_2019,
	location = {Cham},
	title = {{ODRL Policy Modelling and Compliance Checking}},
	isbn = {978-3-030-31095-0},
	doi = {10.1007/978-3-030-31095-0_3},
	series = {Lecture Notes in Computer Science},
	pages = {36--51},
	booktitle = {Rules and Reasoning},
	publisher = {Springer International Publishing},
	author = {De Vos, Marina and Kirrane, Sabrina and Padget, Julian and Satoh, Ken},
	editor = {Fodor, Paul and Montali, Marco and Calvanese, Diego and Roman, Dumitru},
	year = {2019},
}

@inproceedings{shakeri_modeling_2019,
	title = {{Modeling and Matching Digital Data Marketplace Policies}},
	doi = {10.1109/eScience.2019.00078},
	eventtitle = {2019 15th International Conference on {eScience} ({eScience})},
	pages = {570--577},
	booktitle = {2019 15th International Conference on {eScience} ({eScience})},
	author = {Shakeri, Sara and Maccatrozzo, Valentina and Veen, Lourens and Bakhshi, Rena and Gommans, Leon and de Laat, Cees and Grosso, Paola},
	year = {2019},
}

@inproceedings{canobenito_injecting_2023,
	location = {New York, {NY}, {USA}},
	title = {{Injecting data into ODRL privacy policies dynamically with {RDF} mappings}},
	isbn = {978-1-4503-9419-2},
	url = {https://doi.org/10.1145/3543873.3587358},
	doi = {10.1145/3543873.3587358},
	pages = {246--249},
	booktitle = {Companion Proceedings of the {ACM} Web Conference 2023},
	publisher = {Association for Computing Machinery},
	author = {Cano-Benito, Juan and Cimmino, Andrea and García-Castro, Raúl},
	year = {2023},
}

@inproceedings{krasnashchok_towards_2020,
	location = {Cham},
	title = {{Towards Privacy Policy Conceptual Modeling}},
	isbn = {978-3-030-62522-1},
	doi = {10.1007/978-3-030-62522-1_32},
	series = {Lecture Notes in Computer Science},
	pages = {429--438},
	booktitle = {Conceptual Modeling},
	publisher = {Springer International Publishing},
	author = {Krasnashchok, Katsiaryna and Mustapha, Majd and Al Bassit, Anas and Skhiri, Sabri},
	editor = {Dobbie, Gillian and Frank, Ulrich and Kappel, Gerti and Liddle, Stephen W. and Mayr, Heinrich C.},
	year = {2020},
}

@article{ciccarese_pav_2013,
	title = {{PAV} ontology: provenance, authoring and versioning},
	volume = {4},
	issn = {2041-1480},
	doi = {10.1186/2041-1480-4-37},
	shorttitle = {{PAV} ontology},
	number = {37},
	journal = {Journal of Biomedical Semantics},
	shortjournal = {Journal of Biomedical Semantics},
	author = {Ciccarese, Paolo and Soiland-Reyes, Stian and Belhajjame, Khalid and Gray, Alasdair {J. G.} and Goble, Carole and Clark, Tim},
	urldate = {2023-11-15},
	year = {2013},
}

@article{guha_schemaorg_2015,
	title = {{Schema.org: Evolution of Structured Data on the Web}},
	volume = {13},
	url = {https://queue.acm.org/detail.cfm?id=2857276},
	number = {9},
	journal = {{ACM} Queue},
	author = {Guha, R.V. and Brickley, Dan and Macbeth, Steve},
	urldate = {2023-11-15},
	year = {2015},
}

@misc{knublauch_shapes_2017,
	title = {{Shapes Constraint Language ({SHACL}) -- W3C Recommendation 20 July 2017}},
	url = {https://www.w3.org/TR/shacl/},
	type = {W3C Recommendation 20 July 2017},
	author = {Knublauch, Holger and Kontokostas, Dimitris},
	urldate = {2023-11-16},
	year = {2017},
}

@incollection{cate_failure_2006,
	title = {{The Failure of Fair Information Practice Principles}},
	isbn = {978-1-315-57371-7},
	booktitle = {Consumer Protection in the Age of the 'Information Economy'},
	publisher = {Routledge},
	author = {Cate, Fred H.},
	year = {2006},
}

@book{benshahar_more_2014,
	title = {{More Than You Wanted to Know: The Failure of Mandated Disclosure}},
	isbn = {978-1-4008-5038-9},
	shorttitle = {More Than You Wanted to Know},
	publisher = {Princeton University Press},
	author = {Ben-Shahar, Omri and Schneider, Carl E.},
	urldate = {2022-10-25},
	year = {2014},
	doi = {10.1515/9781400850389},
}

@article{viljoen_relational_2021,
	title = {{A Relational Theory of Data Governance}},
	volume = {131},
	url = {https://www.yalelawjournal.org/feature/a-relational-theory-of-data-governance},
	pages = {573--654},
	number = {2},
	journal = {Yale Law Journal},
	author = {Viljoen, Salomé},
	urldate = {2023-12-17},
	year = {2021},
}

@book{craglia_digitranscope_2021,
	location = {Luxembourg},
	title = {{Digitranscope: The governance of digitally transformed society}},
	isbn = {978-92-76-30229-2},
	doi = {10.2760/503546},
	shorttitle = {Digitranscope},
	publisher = {Publications Office of the European Union},
	author = {Craglia, Massimo and Scholten, Henk and Micheli, Marina and Hradec, Jiri and Calzada, Igor and Luitjens, Steven and Ponti, Marisa and Boter, Jaap},
	urldate = {2022-09-20},
	year = {2021},
}

@article{noauthor_regulation_2022,
	title = {{Regulation ({EU}) 2022/868 of the European Parliament and of the Council of 30 May 2022 on European data governance and amending Regulation ({EU}) 2018/1724 (Data Governance Act)}},
	url = {http://data.europa.eu/eli/reg/2022/868/oj/eng},
    journal = {Official Journal of the European Union L 152},
    pages = {1--44},
	urldate = {2022-07-12},
	year = {2022},
}

@article{zetzsche_ico_2019,
	title = {{The ICO Gold Rush: It's a Scam, It's a Bubble, It's a Super Challenge for Regulators}},
	volume = {60},
	shorttitle = {the {ICO} Gold Rush},
	pages = {267--315},
	number = {2},
	journal = {Harvard International Law Journal},
	shortjournal = {Harv. Int'l L.J.},
	author = {Zetzsche, Dirk A. and Buckley, Ross P. and Arner, Douglas W. and Fohr, Linus},
	year = {2019},
}

@inproceedings{verbrugge_towards_2021,
	title = {Towards a personal data vault society: an interplay between technological and business perspectives},
	doi = {10.1109/FITCE53297.2021.9588540},
	shorttitle = {Towards a personal data vault society},
	eventtitle = {2021 60th {FITCE} Communication Days Congress for {ICT} Professionals: Industrial Data –- Cloud, Low Latency and Privacy ({FITCE})},
	pages = {1--6},
	booktitle = {2021 60th {FITCE} Communication Days Congress for {ICT} Professionals: Industrial Data –- Cloud, Low Latency and Privacy ({FITCE})},
	author = {Verbrugge, Sofie and Vannieuwenborg, Frederic and Van der Wee, Marlies and Colle, Didier and Taelman, Ruben and Verborgh, Ruben},
	year = {2021},
}

@inproceedings{chomczyk_penedo_selfsovereign_2021,
	location = {Bonn},
	title = {{Self-sovereign identity systems and European data protection regulations: an analysis of roles and responsibilities}},
	isbn = {978-3-88579-706-7},
	url = {http://dl.gi.de/handle/20.500.12116/36505},
	shorttitle = {Self-sovereign identity systems and European data protection regulations},
	pages = {95--106},
	booktitle = {Open Identity Summit 2021},
	publisher = {Gesellschaft für Informatik e.V.},
	author = {Chomczyk Penedo, Andrés},
	urldate = {2022-09-20},
	year = {2021},
}

@article{mariani_explaining_2021,
	title = {{Explaining the intention to use digital personal data stores: An empirical study}},
	volume = {166},
	issn = {0040-1625},
	doi = {10.1016/j.techfore.2021.120657},
	shorttitle = {Explaining the intention to use digital personal data stores},
	journal = {Technological Forecasting and Social Change},
	shortjournal = {Technological Forecasting and Social Change},
	author = {Mariani, Marcello M. and Ek Styven, Maria and Teulon, Fréderic},
	urldate = {2023-06-04},
	year = {2021},
}

@inproceedings{lovato_more_2023,
	location = {New York, {NY}, {USA}},
	title = {{More Data Types More Problems: A Temporal Analysis of Complexity, Stability, and Sensitivity in Privacy Policies}},
	isbn = {9798400701924},
	doi = {10.1145/3593013.3594065},
	shorttitle = {More Data Types More Problems},
	pages = {1088--1100},
	booktitle = {2023 {ACM} Conference on Fairness, Accountability, and Transparency},
	publisher = {Association for Computing Machinery},
	author = {Lovato, Juniper and Mueller, Philip and Suchdev, Parisa and Dodds, Peter},
	urldate = {2023-09-24},
	year = {2023},
}

@article{terpstra_improving_2019,
	title = {{Improving privacy choice through design: How designing for reflection could support privacy self-management}},
	volume = {24},
	rights = {Copyright (c) 2019 First Monday},
	issn = {1396-0466},
	doi = {10.5210/fm.v24i7.9358},
	shorttitle = {Improving privacy choice through design},
	number = {7},
	journal = {First Monday},
	author = {Terpstra, Arnout and Schouten, Alexander P. and Rooij, Alwin de and Leenes, Ronald E.},
	urldate = {2022-09-20},
	year = {2019},
}

@inproceedings{linden_privacy_2020,
	title = {{The Privacy Policy Landscape After the GDPR}},
	volume = {1},
	doi = {10.2478/popets-2020-0004},
	pages = {47--64},
	booktitle = {Proceedings on Privacy Enhancing Technologies},
	author = {Linden, Thomas and Khandelwal, Rishabh and Harkous, Hamza and Fawaz, Kassem},
	urldate = {2022-09-20},
	year = {2020}
}

@inproceedings{mohan_analyzing_2019,
	location = {Cham},
	title = {{Analyzing GDPR Compliance Through the Lens of Privacy Policy}},
	isbn = {978-3-030-33752-0},
	doi = {10.1007/978-3-030-33752-0_6},
	series = {Lecture Notes in Computer Science},
	pages = {82--95},
	booktitle = {Heterogeneous Data Management, Polystores, and Analytics for Healthcare},
	publisher = {Springer International Publishing},
	author = {Mohan, Jayashree and Wasserman, Melissa and Chidambaram, Vijay},
	editor = {Gadepally, Vijay and Mattson, Timothy and Stonebraker, Michael and Wang, Fusheng and Luo, Gang and Laing, Yanhui and Dubovitskaya, Alevtina},
	year = {2019},
}

@techreport{ilves_roadmap_2019,
	location = {Helsinki},
	title = {{A roadmap for a fair data economy}},
	type = {{Policy Brief, Sitra and the Lisbon Council}},
	author = {Ilves, Luukas K. and Osimo, David},
	year = {2019},
}

@incollection{kranenborg_article_2014,
	title = {{Article 8 -- Protection of Personal Data}},
	url = {https://www.bloomsbury.com/uk/eu-charter-of-fundamental-rights-9781509933501/},
	booktitle = {The {EU} Charter of Fundamental Rights},
	publisher = {Hart Publishing},
	author = {Kranenborg, Herke R.},
	urldate = {2023-06-07},
	year = {2014},
}

@misc{european_data_protection_board_guidelines_2019,
	title = {{Guidelines 2/2019 on the processing of personal data under Article 6(1)(b) GDPR in the context of the provision of online services to data subjects}},
	url = {https://edpb.europa.eu/our-work-tools/our-documents/guidelines/guidelines-22019-processing-personal-data-under-article-61b_en},
	author = {{European Data Protection Board}},
	urldate = {2023-06-07},
    year = {2019},
}

@misc{article_29_data_protection_working_party_opinion_2011,
	title = {Opinion 15/2011 on the definition of consent},
	url = {https://ec.europa.eu/justice/article-29/documentation/opinion-recommendation/files/2011/wp187_en.pdf},
	author = {{Article 29 Data Protection Working Party}},
    year = {2011}
}

@misc{article_29_data_protection_working_party_article_2018,
	title = {{Guidelines on consent under Regulation 2016/679}},
	author = {{Article 29 Data Protection Working Party}},
    url = {https://ec.europa.eu/newsroom/article29/redirection/document/51030},
    year = {2018}
}

@book{kosta_consent_2013,
	title = {{Consent in European Data Protection Law}},
	isbn = {978-90-04-23236-5},
	pagetotal = {461},
	publisher = {Martinus Nijhoff Publishers},
	author = {Kosta, Eleni},
	year = {2013},
}

@misc{noauthor_orange_2020,
	title = {{Orange Romania {SA} v Autoritatea Naţională de Supraveghere a Prelucrării Datelor cu Caracter Personal ({ANSPDCP})}},
	url = {https://eur-lex.europa.eu/legal-content/EN/TXT/?uri=CELEX%3A62019CJ0061&qid=1693396931840},
	number = {Case C-61/19},
	urldate = {2023-09-02},
	year = {2020},
}

@article{kamara_not_2016,
	title = {{Do Not Track initiatives: regaining the lost user control}},
	volume = {6},
	issn = {2044-3994},
	doi = {10.1093/idpl/ipw019},
	shorttitle = {Do Not Track initiatives},
	pages = {276--290},
	number = {4},
	journal = {International Data Privacy Law},
	shortjournal = {International Data Privacy Law},
	author = {Kamara, Irene and Kosta, Eleni},
	urldate = {2023-09-01},
	year = {2016},
}

@book{cranor_web_2002,
	edition = {1st},
	title = {{Web Privacy with P3P}},
	isbn = {978-0-596-00371-5},
	pagetotal = {352},
	publisher = {O'Reilly Media, Inc.},
	author = {Cranor, Lorrie},
	year = {2002},
}

@misc{article_29_data_protection_working_party_article_2014,
	title = {{Article 29 Data Protection Working Party comments in response to W3C's public consultation on the W3C Last Call Working Draft, 24 April 2014, Tracking Preference Expression (DNT)}},
	author = {{Article 29 Data Protection Working Party}},
    year = {2014},
    url = {https://ec.europa.eu/justice/article-29/documentation/other-document/files/2014/20140606_wp29_ts_standardisation_letter_to_w3c.pdf}
}